2970 5018
413 456 1105 573 Assncunir‘onrs.
1210 494 1258 565 eo

265 694 355 799 pulo
375 694 599 790 belligeranti
620 711 845 786 mereatura3
868 723 981 792 quae,
1006 721 1088 767 cum
1109 710 1261 769 neutra·-

264 808 359 878 litati
377 813 579 886 contrariae
599 812 868 901 existimentur,
890 811 1134 881 confiscationi
1151 836 1259 879 oaus-

263 921 336 991 sam
376 922 552 1014 praebent
580 935 617 992 et
658 924 756 1015 apud
782 947 849 994 nos
880 921 1259 1016 krffgsoontrabande'

261 1034 447 1106 dicuntur.
1107 1096 1111 1101 .

322 1148 497 1238 Quamvis
518 1150 682 1243 gentium
698 1148 902 1219 foederibus
917 1148 1054 1219 diversa
1066 1147 1109 1217 fit
1130 1171 1257 1218 earum

261 1265 436 1343 mercium
456 1263 701 1349 enumeratio,
724 1263 806 1333 illae
826 1274 946 1331 tamen
964 1261 1179 1353 plerumque
1190 1286 1257 1331 ar-

233 1404 237 1411 ·
260 1376 328 1451 mis
350 1387 388 1448 et
406 1387 587 1469 apparatu
609 1373 736 1445 bellico
771 1377 1017 1446 continentur.
1068 1373 1139 1442 His
1167 1398 1256 1444 vero

258 1491 526 1581 aequiparanda
548 1491 631 1577 sunt
654 1491 798 1581 omnio,
821 1513 913 1582 quae
929 1513 952 1558 a
972 1489 1087 1557 media
1113 1489 1153 1556 in
1172 1487 1255 1557 bel-

258 1600 295 1687 lo
314 1613 420 1692 gente
442 1605 481 1672 in
499 1615 676 1694 portum,
700 1602 744 1673 ab
767 1603 931 1673 hostibus
958 1601 1158 1689 obsessum,
1179 1603 1253 1670 im-

152 1742 156 1753 ·
256 1724 477 1804 portantur,
504 1717 561 1786 vel
580 1719 686 1786 etiam
711 1740 821 1786 exeo
845 1717 1029 1788 vehuntur
1041 1766 1053 1804 ,
1079 1713 1148 1785 nifi
1168 1739 1252 1787 oum
1339 1768 1342 1773 -

255 1825 418 1901 hostibus
436 1853 477 1897 ea
496 1831 539 1898 de
559 1853 599 1899 re
620 1832 840 1902 convenerit.

304 1939 394 2009 Cum
415 1943 525 2034 igitur
539 1943 695 2031 constet,
719 1965 958 2035 quarumnam
970 1965 1092 2011 rerum
1106 1959 1250 2012 merca-i

252 2061 337 2122 iura
354 2054 439 2124 belli
457 2067 619 2148 tempore
636 2058 896 2149 prohibeatur,
918 2058 1099 2128 videamus
1123 2082 1245 2147 nunc,
1305 2122 1308 2129 .

253 2167 340 2258 quid
368 2170 408 2238 in
433 2191 558 2239 earum
581 2171 841 2243 assecuratione
870 2173 1005 2240 iustum
1029 2171 1090 2243 vel
1115 2195 1246 2263 recep-

127 2286 141 2315 *
250 2289 330 2348 tum
351 2281 405 2350 fit.
457 2283 587 2352 Illicita
606 2297 725 2354 autem
747 2287 821 2354 esse
852 2286 1067 2378 intelh‘gitur
1100 2287 1245 2355 assecu-

251 2394 364 2482 ratio,
389 2394 415 2465 fi
436 2397 589 2469 civitatis
612 2399 852 2491 belligerantis
871 2400 966 2470 cives
984 2398 1053 2491 ipii
1078 2397 1244 2466 hostibus

249 2504 339 2573 tales
359 2530 492 2577 merces
516 2511 808 2603 subministrare,
843 2535 974 2604 easque
1005 2510 1243 2577 assecuratio-

247 2641 294 2687 ne
315 2623 410 2690 tueri
431 2637 620 2697 conantur.
672 2626 810 2715 Immo,
835 2624 970 2694 etiamfi
992 2623 1031 2690 in
1058 2623 1126 2690 hac
1148 2623 1242 2693 civi-

135 2788 137 2793 .
246 2741 318 2802 iate
337 2735 511 2806 eiusmodi
529 2741 808 2810 assecurationes
831 2763 852 2807 a
875 2734 999 2806 mediis
1016 2735 1242 2805 contrahan-⁴

243 2855 331 2938 tur,
357 2850 401 2934 iis
430 2861 550 2922 tamen
575 2855 666 2924 iuris
696 2856 750 2927 vis
776 2864 885 2942 atque
915 2849 1061 2920 effectus
1094 2852 1242 2920 concedi

244 2981 320 3029 non
342 2966 520 3054 possunt(
540 2967 610 3037 Sed
630 2968 765 3040 validae
792 2965 973 3035 habentur
1001 2965 1239 3034 assecuratio-

242 3093 331 3161 nes,
351 3077 394 3146 ,in
417 3083 561 3171 regione
583 3082 699 3150 media
721 3105 743 3150 a
761 3079 885 3153 mediis
908 3079 947 3148 in
970 3077 1065 3148 bello
1087 3091 1237 3147 contra-

241 3194 345 3274 ctae,
371 3193 434 3280 qui
458 3195 569 3264 vetita
597 3196 810 3264 commercia
835 3218 919 3264 cum
949 3192 1115 3286 gentibus
1141 3193 1237 3260 inter

241 3296 430 3371 rebellum
457 3309 662 3396 gerentibus
694 3310 752 3383 rel
779 3307 949 3382 alterutri
970 3317 1099 3377 earum
1130 3303 1236 3382 inste

174 3444 180 3453 ·
239 3420 342 3489 tuere
365 3416 504 3488 volunt.
534 3488 538 3493 ,
1151 3486 1157 3494 .

286 3523 488 3621 Pleraque,
515 3557 606 3628 quae
625 3536 670 3605 ab
693 3536 900 3607 auctorssms
919 3533 1038 3624 (15),
1065 3552 1135 3619 pro
1163 3530 1231 3597 hae

235 3634 497 3729 ”Iecfflfione
527 3649 733 3739 afferuntur
762 3656 995 3740 argumenta,
1021 3641 1112 3711 iuris
1137 3664 1231 3734 gen-

1180 3754 1231 3824 fi.

267 3992 335 4067 (Β)
360 4010 378 4052 ν
406 4012 448 4066 gr.
465 4013 624 4066 inurere,
642 4003 664 4057 t.
692 4000 761 4059 Kar·
781 4011 807 4052 t.
825 3996 941 4066 Abscbn·
957 4009 984 4064 3·
1003 4009 1065 4067 Μ·
1080 4009 1127 4065 4³·

706 4097 739 4170 E
766 4101 789 4173 5
