2970 5018
261 435 954 562 Ass'econrronrs.
1059 484 1107 564 41'

163 688 322 793 Propter
349 703 534 792 inopinata
556 702 642 770 haec
672 700 759 770 belli
800 700 894 768 mala
922 701 1113 770 invaluisse

115 814 257 884 ridetur
276 815 432 884 clausula
443 866 454 904 ‚
481 839 552 908 qua
570 815 615 882 de
631 814 810 904 praemio
829 816 1001 905 augendo
1023 838 1113 881 con-

115 928 292 1017 veniunt,
309 926 349 1016 st
372 927 511 997 bellum
531 926 732 1019 exarserit.
786 925 824 993 Si
855 949 898 995 ea
928 925 1113 1018 stipulatio

114 1041 258 1131 polizze
275 1042 507 1130 continetur,
534 1040 590 1108 sed
620 1040 870 1108 contrahentes
889 1051 1022 1107 certam
1044 1063 1114 1130 pe-

116 1153 244 1223 cuniae
275 1155 448 1223 summam
476 1177 551 1221 non
585 1150 849 1243 definiverunt,
883 1153 973 1221 illud
1005 1151 1111 1222 Art0.

115 1267 187 1336 545
220 1269 386 1337 iudicum·
421 1266 634 1359 prudentiae
667 1267 887 1361 relinquitur
912 1266 1011 1359 (72).
1156 1262 1159 1267 ’

92 1364 97 1378 ’
164 1381 208 1450 In
226 1405 355 1474 genere
375 1382 485 1473 igitur
505 1379 629 1470 regula
654 1379 778 1470 valet,
801 1381 1002 1472 praemium
1021 1380 1112 1448 inito

117 1505 308 1564 contractu
340 1500 462 1585 'neque
493 1492 727 1562 minuendum
761 1492 879 1586 neque
911 1494 1114 1586 augendum

114 1610 212 1695 esse,
245 1629 327 1674 cnm
368 1607 475 1674 etiam
512 1606 691 1697 inopinati
718 1607 817 1676 casus
849 1607 1114 1677 assecuratione

115 1718 480 1808 comprehendantur.
532 1717 611 1787 sed·
631 1719 677 1787 ab
706 1743 748 1789 ee
778 1720 903 1812 regula
920 1720 978 1790 lex
1011 1720 1113 1790 Galle

116 1831 220 1903 Art0.
247 1831 320 1900 356
355 1832 602 1925 exceptionem
633 1834 729 1902 fecit.
780 1832 819 1901 Si
852 1835 947 1903 enim
978 1857 1114 1904 mercer

117 1971 194 2014 uno
225 1945 386 2036 praemio
417 1968 486 2037 pro
518 1945 620 2015 abitu
648 1958 685 2017 et
716 1948 835 2018 reditu
868 1948 985 2041 (quod
1019 1947 1114 2017 Gal·

113 2059 181 2128 lice
205 2058 231 2126 ὰ
248 2057 379 2149 prime
400 2060 472 2127 lide
492 2058 645 2152 dicitur)
669 2061 887 2131 assecuratee
913 2063 1022 2150 sunt,
1043 2086 1115 2130 nc-

116 2172 171 2243 ris
204 2181 326 2240 autem
365 2171 526 2241 reditura
560 2173 617 2243 vel
646 2177 793 2244 omnino
823 2175 882 2247 vel
903 2197 973 2267 pro
1008 2181 1113 2265 parte

114 2284 288 2352 mercium
310 2307 420 2354 onere
438 2294 564 2375 vacet,
584 2284 675 2354 duae
694 2298 836 2358 tantum
853 2288 982 2357 tertiae
1001 2307 1114 2376 prae·

115 2397 181 2466 mii
213 2390 357 2485 Ρειηεε,Ι
392 2420 464 2488 pro
502 2409 580 2467 rata
613 2399 722 2470 debiti
752 2409 1000 2494 computatae,
1034 2395 1112 2486 lege

117 2508 377 2577 conceduntur.
392 2549 440 2562 -
462 2506 562 2580 Haec
583 2515 744 2605 exceptio
765 2515 808 2583 de
827 2509 1003 2581 mercibus
1026 2517 1114 2575 tan-

116 2634 196 2692 tum
228 2621 347 2711 valet,
383 2621 428 2691 ed
464 2649 590 2697 navem
627 2638 748 2696 nutem
783 2648 858 2693 non
898 2631 953 2691 est
981 2630 1112 2690 exten-

117 2735 244 2804 denda.

164 2847 244 2917 ch
269 2843 409 2916 Gallice
439 2850 589 2941 antiqua
616 2847 720 2918 Art0.
748 2851 794 2938 6,
828 2849 884 2918 uti
914 2847 1020 2919 etiam
1051 2846 1112 2916 lex

119 2958 227 3029 Amst.
251 2962 353 3034 Art0.
377 2964 456 3053 57,
486 2963 688 3054 praemium
714 2974 876 3054 tempore
910 2971 1112 3031 contractae

116 3076 389 3145 assecurationis
418 3075 627 3148 solvendum
668 3078 741 3146 erio
770 3074 952 3146 iubebant.
1003 3074 1111 3145 Hanc

116 3199 238 3255 tamen
270 3189 555 3259 constitutionem
585 3211 703 3281 neque
724 3191 764 3259 in
790 3192 908 3260 codice
926 3189 1023 3258 Gall.
1042 3211 1112 3257 nc-

102 3280 190 3392 ¹que
220 3299 259 3366 in
294 3299 391 3368 laud.
419 3304 610 3393 specimine
632 3303 821 3398 repetitam
841 3305 915 3373 csse
936 3302 1109 3373 videmus.

65 3414 68 3421 ’
117 3413 173 3482 En
204 3411 322 3500 enim,
349 3411 414 3480 nifi
434 3414 476 3483 fit
494 3417 732 3506 prohibitiva,
753 3417 890 3487 nullam
909 3414 1018 3507 plone
1036 3413 1112 3484 vim

115 3524 223 3594 habet
235 3574 247 3611 ,
292 3545 372 3592 cum
412 3525 606 3597 iecundum
649 3530 740 3598 iuris
771 3529 886 3599 civilis
920 3535 1113 3616 praecepte

117 3646 301 3709 contracto
341 3632 460 3705 debita
489 3635 605 3709 stetim
649 3639 743 3733 exigi
778 3638 915 3733 posfint
927 3685 940 3724 ,
972 3635 1037 3707 ubi
1068 3634 1112 3703 de

1029 3769 1113 3829 09²².

13 4072 20 4077 ,
153 3986 222 4058 672)
240 3990 320 4046 Cont¹
341 4000 390 4045 art.
409 3990 489 4058 Sper.
507 3998 571 4054 523.
