2970 5018
253 527 326 595 allo
458 518 554 591 DE
605 515 1037 591 PERIOULO

251 744 359 829 ris'et
379 745 482 815 navis
501 743 700 814 mutatione
721 741 887 834 loquitur
913 754 925 825 t
935 739 1017 811 Art.
1030 743 1096 811 351
1114 750 1156 831 ),
1181 738 1284 813 sta-2·

250 857 323 935 tuit
352 856 490 945 etiam,
528 857 857 947 assecurationem,
896 855 993 924 faeta
1027 854 1071 931 ab
1106 854 1265 922 itineris

249 970 357 1049 cursu
379 970 634 1057 declinatione,
662 971 808 1040 cessare.
859 969 940 1061 Ipl'a
958 978 1075 1038 autem
1101 966 1161 1033 rei
1181 990 1264 1034 na-.

252 1094 338 1163 tura
361 1082 485 1170 dccet,
511 1082 597 1172 legis
619 1081 731 1151 verba
758 1083 798 1151 in
817 1083 886 1151 hoc
907 1083 987 1151 loco
1004 1082 1049 1149 ad
1073 1079 1264 1148 volunta-

249 1197 340 1264 riam
363 1206 504 1275 tantum
528 1194 802 1279 declinationem
824 1198 897 1263 erle
914 1193 1176 1284 restringenda.
1202 1230 1261 1253 -.

249 1307 402 1396 (lassat,
440 1311 495 1376 uti
526 1307 708 1396 diximus,
747 1309 987 1395 assecuratio,
1026 1305 1174 1374 fimulao
1208 1304 1262 1375 ab

250 1422 388 1501 itineris
418 1423 524 1490 cursu
554 1421 745 1490 declinatio
774 1420 869 1489 facta
895 1422 958 1507 lit,
996 1442 1108 1511 eoque
1138 1420 1260 1487 etiam

248 1534 294 1603 ab
329 1533 468 1600 itineris
509 1533 697 1601 omislione
732 1534 819 1603 haec
859 1534 1049 1602 declinatio
1090 1531 1255 1618 dillertj

247 1759 419 1851 quorsum
436 1770 557 1828 tamen
579 1761 682 1829 navis
703 1784 778 1829 non
797 1758 1071 1851 proficiscatur,
1097 1757 1170 1825 iter
1190 1780 1258 1825 aa·

247 1873 450 1942 securatam
491 1897 513 1962 e
551 1875 779 1966 navigatione
811 1872 856 1942 ab
887 1873 990 1940 initio
1011 1869 1158 1956 differt,
1186 1880 1251 1960 et,

246 1986 397 2067 eumad
429 2010 507 2066 cam
539 1986 681 2075 polizza
711 2010 788 2055 non
817 1986 1021 2077 pertineat,
1054 1983 1253 2051 assecura÷

243 2099 335 2187 toria
358 2097 564 2193 periculum
588 2101 695 2185 etiam
722 2124 798 2189 non
828 2099 1002 2190 incepisse
1028 2096 1254 2167 existiman-2
1353 2158 1357 2167 .

242 2209 330 2297 dum
355 2221 422 2281 est.

292 2323 481 2413 Excedam
504 2327 626 2417 regula
647 2326 829 2418 lequitur‚
853 2324 1126 2407 assecurationis
1147 2347 1252 2394 con·

241 2444 399 2506 tractum
418 2462 493 2506 non
505 2439 672 2526 restitui,
698 2439 761 2507 effi
774 2422 898 2528 navis,
917 2440 1010 2507 facta
1025 2436 1248 2506 declinatio-.-

240 2571 313 2643 ne,
339 2562 473 2639 rectam
493 2554 532 2620 in
554 2554 648 2623 viam
669 2552 816 2620 redierit
841 2552 940 2641 (52).
975 2551 1052 2621 Neo
1069 2550 1182 2619 refert
1204 2575 1246 2619 e·

239 2664 353 2753 tiam,
388 2677 512 2734 utrum
535 2668 730 2756 magnum,
750 2689 841 2732 num
864 2689 951 2735 vero
972 2687 1127 2755 parvum
1139 2673 1242 2733 tem,

239 2777 341 2863 poris
366 2778 519 2867 spatium
544 2802 586 2865 ea
615 2778 853 2846 declinatione
875 2777 919 2846 fit
938 2777 1242 2869 praeterlapsum;

239 2876 323 2953 Sive
346 2881 441 2958 enim
471 2915 513 2958 ea
536 2893 646 2960 horae
676 2892 744 2962 five
775 2891 951 2960 menfium
982 2912 1117 2959 moram
1139 2911 1243 2976 pro-

237 2998 364 3086 ducat,
391 3001 436 3069 ab
468 3004 572 3085 initio
602 3005 854 3073 declinationis
880 3001 1089 3072 assecuratio
1120 2999 1242 3090 plane

236 3109 375 3180 sublata
397 3123 466 3181 est.
490 3140 494 3147 ’

287 3224 398 3292 Galus
430 3224 569 3317 igitur,
606 3227 670 3317 qui
694 3229 826 3296 iustam
857 3225 998 3295 faciunt
1017 3224 1237 3296 declinatio-

234 3336 292 3404 nia
313 3338 495 3425 caussam,
525 3336 711 3429 obtinent,
744 3339 770 3406 fl
799 3341 1003 3409 navarchus
1026 3339 1237 3409 necestitate

234 3461 404 3539 coactus,
429 3450 485 3523 vel
506 3450 613 3519 etiam
638 3472 712 3539 quo
742 3450 873 3519 damna
896 3453 1028 3540 evitet,
1054 3452 1103 3520 ad
1130 3476 1238 3520 com-

234 3584 381 3631 munem
405 3563 565 3631 omnium
585 3561 778 3632 utilitatem
804 3563 849 3630 ab
866 3565 1006 3632 itiner-is
1031 3564 1139 3632 cursu
1165 3565 1237 3632 de·
1273 3622 1277 3627 .

233 3671 358 3760 flectit
415 3676 527 3761 Gaius
566 3676 621 3762 illi
655 3676 885 3769 potislimunr
923 3685 1137 3768 tempestato
1173 3676 1235 3747 vel
1283 3741 1292 3749 .

284 3828 287 3833 ·
1157 3812 1237 3862 nara

264 4057 332 4127 (32)
354 4073 450 4114 aaran.
470 4061 504 4113 ll.
524 4062 574 4116 ct.
597 4066 727 4126 13.Sect.
751 4064 793 4119 ¹6.
