2970 5018
309 464 390 541 64.
514 459 609 536 DE
658 459 1090 535 PERICULO

291 680 408 752 ‘factis
441 700 511 768 pro
537 676 935 768 armatioreimpeniie'
965 686 1002 746 et
1036 675 1177 768 sperato
1202 675 1303 745 nauli

304 792 408 864 lucro
432 791 579 859 omnino
601 790 658 860 vel
678 811 748 881 pro
767 800 871 881 parte
894 789 1006 881 pectit
1021 789 1180 858 destitui.
1210 787 1305 857 Om-

307 906 419 991 nino,
446 903 651 992 fimercee,
677 903 761 972 casu
781 902 932 972 fortuito
962 903 1188 994 deperditae,
1212 924 1305 970 exo-

306 1017 430 1088 nerari
450 1025 661 1107 nequeunt,
687 1039 756 1106 pro
777 1025 883 1106 perte
895 1067 908 1105 ,
934 1017 961 1084 fi
989 1038 1144 1104 merces,
1171 1038 1304 1106 quem-

307 1132 364 1204 vis
391 1152 467 1198 non
490 1128 687 1218 perierint,
712 1127 758 1198 ad
791 1128 1009 1197 destinatum
1026 1128 1153 1225 wlocum
1181 1139 1303 1197 tamen

306 1267 384 1315 non
407 1242 617 1328 vehuntur,
644 1263 759 1331 eoque
789 1243 872 1311 casu
894 1242 1045 1311 naulum
1071 1243 1210 1311 itineris
1238 1266 1303 1310 re-

306 1359 405 1426 tione
427 1353 549 1441 habite
581 1353 788 1424 solvendum
820 1361 885 1425 est.
920 1394 969 1408 -
1003 1355 1048 1426 In
1079 1356 1302 1424 concedende
1384 1357 1388 1364 ’

303 1470 417 1562 igitur
447 1465 638 1536 exercitori
669 1466 932 1537 assecuratione
965 1492 1011 1537 ne
1044 1470 1188 1539 lucrum
1216 1472 1303 1560 qui-

302 1583 410 1667 dem,
433 1578 530 1672 qued
546 1602 592 1648 ex
613 1577 774 1648 faciendo
795 1581 924 1650 itinere
944 1584 1176 1673 aestimatur,
1201 1584 1302 1650 exci-

301 1693 478 1789 piendum
497 1702 576 1778 est3
604 1693 739 1786 quippe
752 1695 873 1786 quod,
900 1698 1051 1786 appulsa
1068 1698 1153 1766 nevi
1163 1747 1175 1784 ,
1195 1719 1303 1765 exer-

303 1808 409 1879 citori
427 1828 502 1874 non
522 1808 644 1875 minus
663 1818 803 1876 certum
829 1808 998 1897 videtur,
1026 1833 1140 1901 quam„
1166 1833 1302 1878 onere-

304 1922 377 1992 tori
396 1920 572 1989 mercium
595 1921 740 1988 suerum
761 1922 931 2013 pretium.

353 2031 412 2107 Ad
436 2034 499 2103 has
522 2043 643 2102 tamen
665 2037 822 2104 rationes
845 2035 1025 2128 legislator
1046 2033 1208 2102 Geilicus
1235 2058 1299 2102 ac-

299 2136 593 2236 oedere'noluit‚
618 2146 752 2240 [ibique
770 2152 1010 2218 exercitorum
1030 2148 1223 2216 commodis
1241 2149 1299 2215 se·
1368 2218 1370 2222 ,

298 2265 349 2333 tis
373 2261 591 2331 consuluisse
608 2259 704 2331 visus
722 2272 801 2350 est,
829 2262 855 2331 fi
877 2274 1022 2354 praeter
1040 2287 1165 2333 navem
1185 2261 1298 2330 factas

300 2378 409 2446 ctiam
441 2375 618 2466 impensas
643 2373 838 2442 assecurari
859 2375 1080 2445 concederet.
1132 2375 1299 2446 Vidimus

301 2491 398 2559 enim
422 2488 468 2558 ad
489 2487 762 2578 licitnwpericuli
787 2487 924 2557 obiecta
955 2513 1038 2559 curn
1063 2488 1299 2558 instrumenta

293 2611 572 2693 ,apparatusque
607 2601 754 2671 navium
800 2600 940 2693 (agree
971 2613 1023 2669 etr
1039 2604 1296 2694 apparant),

303 2725 385 2783 tum
406 2737 551 2805 quoque
580 2715 790 2783 ermationis
820 2714 997 2805 impensas
1023 2715 1212 2806 (victualia
1239 2716 1301 2780 in«

298 2825 443 2916 uuige,
463 2828 679 2897 munitiones
699 2828 843 2897 bellicas
861 2829 1023 2921 aliosque
1038 2829 1083 2896 ad
1100 2824 1300 2917 prosectio-

302 2962 386 3009 nem
398 2939 533 3007 sumtus
552 2978 600 2991 -
619 2943 849 3034 armement)
872 2944 945 3012 esse
968 2939 1181 3010 referendas.
1233 2935 1300 3002 Sed

307 3051 467 3143 antiquio
495 3050 632 3142 legibus
661 3053 881 3143 adhaerens,
908 3053 1088 3144 legislator
1114 3051 1301 3118 assecura-

308 3166 440 3234 tionem
459 3165 560 3232 nauli
575 3166 748 3256 faciendi
768 3167 840 3239 [ive
862 3166 1020 3236 nondum
1043 3163 1203 3255 ecquiiiti
1224 3163 1238 3253 (
1248 3163 1302 3231 du

306 3281 384 3363 fret
404 3277 430 3345 ὰ
444 3277 575 3370 faire)
594 3276 804 3368 prohibuit,
827 3279 991 3369 quamvis
1013 3276 1192 3345 nonnulla
1210 3276 1301 3344 Tri-

303 3391 451 3461 bunelia
467 3400 504 3460 et
523 3392 599 3482 ipsa
617 3390 830 3458 Cessetionis
851 3391 962 3461 Curia
979 3389 1198 3461 contrariam
1219 3389 1302 3458 sen-

303 3507 452 3574 tentiam
476 3516 668 3573 tuerentur
693 3505 707 3595 (
719 3505 805 3597 29).

352 3633 446 3703 Cum
470 3634 581 3728 igitur
602 3634 679 3728 lege
701 3631 842 3705 Gallica
864 3631 1048 3727 prohibitu
1077 3631 1219 3702 dicotur
1237 3652 1300 3698 as-

1242 3741 1299 3808 se-

335 3910 404 3987 (29)
421 3914 535 4050 1?quss
547 3898 679 3984 ratsennle
696 3918 738 3969 des
753 3917 934 3985 observationi
948 3916 990 3968 dn
1005 3912 1174 3974 Yribuuaux,
1189 3911 1257 3965 Tum.
1273 3909 1297 3963 i.

322 4011 365 4068 ις.
383 4000 416 4053 86
445 4012 505 4065 cqq.
