2970 5018
395 500 467 572 '184
530 433 541 442 ·
604 493 702 565 DE
748 487 1177 565 PERICULO

394 709 579 779 securatus
614 706 803 777 confilium
836 717 1002 798 ceperat,
1035 703 1081 773 ab
1113 704 1259 774 itineris
1281 709 1400 777 cursu

394 821 631 908 deflectendi,
683 820 776 888 hanc
829 830 950 888 tamen
991 818 1270 905 declinationem
1318 843 1403 889 non

393 934 602 1026 perfecerat.
664 931 887 1003 Affirmando
922 931 1028 1001 nobis
1059 931 1203 1002 videtur
1237 931 1401 1024 respon-

394 1048 574 1137 dendum,
627 1048 763 1133 etiamsi
793 1047 1038 1115 assecuratus
1082 1045 1141 1116 vel
1181 1047 1400 1118 navarchus

394 1161 582 1231 confilium
628 1163 720 1230 illud
772 1172 857 1231 ante
908 1160 1168 1253 profectionem
1226 1161 1421 1252 cepisset.

393 1272 512 1365 Supra
541 1276 652 1361 enim
695 1275 880 1362 vidimus,
924 1269 1018 1341 facta
1047 1274 1192 1341 demum
1223 1273 1398 1343 declina-

392 1388 516 1476 tione,
547 1389 848 1457 assecurationem
866 1385 1041 1459 sublatam
1064 1388 1162 1476 osse,
1197 1387 1396 1478 adeoque,

391 1495 417 1567 fi
445 1523 487 1567 ea
517 1524 593 1569 non
612 1501 776 1590 obtinet,
798 1500 919 1571 valere
942 1501 1059 1593 pergit
1081 1500 1313 1569 assecuratio.
1340 1541 1395 1555 —

390 1609 492 1679 Haec
535 1623 657 1683 autem
699 1615 874 1683 sententia
917 1614 962 1682 iis
997 1613 1153 1682 maxime
1187 1610 1394 1685 confirma-

388 1732 477 1811 tur,
513 1749 606 1816 quae
638 1726 744 1795 modo
776 1727 820 1795 dc
855 1727 1102 1795 contractione
1136 1726 1283 1796 itineris
1305 1728 1393 1799 dic-

388 1844 428 1904 ta
459 1838 556 1906 sunt.
608 1836 647 1906 Si
680 1839 779 1907 enim
796 1838 1006 1908 deflectendi
1028 1839 1218 1908 consilium
1240 1841 1394 1913 assecu·
1431 1907 1438 1921 ,

337 1945 345 1962 '
388 1951 566 2019 rationem
609 1938 778 2040 vitiaret,
811 1955 920 2022 etiam
949 1977 1016 2045 pro
1046 1977 1088 2023 ea
1118 1956 1263 2025 itineris
1299 1981 1392 2048 par-

387 2073 450 2153 te,
485 2088 577 2156 quae
608 2088 692 2134 cum
726 2067 857 2135 itinere
889 2068 1029 2160 polizza
1059 2064 1207 2138 definito
1240 2073 1391 2165 conspi-

387 2190 480 2268 rat,
534 2180 679 2249 itineris
732 2185 933 2252 contractio
977 2183 1278 2254 assecurationem
1329 2196 1395 2256 re·'

386 2301 446 2359 tro
485 2293 614 2362 vitiare
656 2291 812 2361 deberet.
863 2293 955 2383 Sed,
1002 2297 1308 2386 quemadmodum
1343 2301 1385 2369 in

386 2402 531 2474 itineris
563 2405 811 2473 contractione
845 2406 1062 2476 assecuratio
1093 2432 1170 2478 non
1202 2408 1384 2503 finiatur,

386 2542 472 2588 cum
516 2518 740 2619 assecuratus
788 2519 931 2591 itineris
967 2523 1203 2597 contrahendi
1236 2523 1386 2595 confili-

387 2655 453 2702 um
482 2634 598 2724 capit,
629 2632 688 2701 sed
717 2656 800 2701 cum
827 2634 921 2704 illud
948 2636 994 2705 ad
1027 2640 1166 2709 exitum
1187 2640 1383 2739 perducit,

385 2743 438 2810 ita
482 2746 589 2813 etiam
634 2744 852 2814 assecuratio
895 2771 970 2816 non
1014 2753 1149 2841 cessat,
1196 2751 1263 2821 niti
1299 2766 1386 2845 post

384 2855 517 2924 factam
559 2857 850 2929 declinationem.
913 2861 1081 2955 Utroque
1111 2865 1192 2932 casu
1226 2868 1387 2954 pericu-

384 2967 462 3037 lum
495 2969 701 3057 minuitur,
737 2997 821 3042 curn
855 2996 920 3066 pro
943 2986 1043 3067 parte
1064 2985 1205 3044 tantum
1226 2975 1386 3053 itineris

385 3091 532 3168 caveat,
588 3091 625 3148 et
667 3085 780 3153 totius
823 3090 966 3158 itineris
1011 3089 1207 3182 praemium
1248 3089 1386 3176 lucre,

384 3204 448 3264 tur
480 3194 588 3291 (59).

433 3308 472 3379 Si
512 3311 634 3404 plures
663 3337 705 3383 ac
733 3314 891 3384 diversae
924 3317 1005 3387 viae
1035 3317 1081 3387 ad
1112 3317 1235 3389 locum
1260 3318 1384 3391 desti-

383 3434 513 3495 natum
558 3427 723 3516 ducunt,
770 3451 926 3518 quarum
960 3431 1166 3511 navarchus
1196 3455 1276 3503 eam
1308 3437 1384 3506 eli-

315 3554 320 3566 “
381 3562 464 3642 gere
494 3541 608 3637 solet,
645 3565 737 3640 quae
768 3564 835 3636 pro
868 3541 1008 3617 diversa
1037 3567 1164 3620 rerum
1197 3548 1385 3620 conditio·

1333 3687 1387 3738 ne

419 3931 487 4007 (39)
505 3957 638 4018 neuram
672 3947 711 4001 11.
740 3963 800 4016 pag.
830 3964 893 4017 390.
917 3975 951 3992 ·-
969 3968 1051 4011 runa
1073 3969 1135 4026 pag.
1157 3968 1219 4026 314·
1244 3957 1325 4034 seqq.
1349 3930 1413 4009 a·

384 4035 549 4084 transeant
565 4027 601 4086 11.
620 4047 678 4102 pag.
695 4036 748 4104 406
775 4049 801 4092 et
817 4036 840 4092 1.
858 4052 917 4107 pag.
937 4052 1000 4108 231.
1124 4059 1131 4076 ·
