2970 5018
372 491 419 562 72
558 464 1157 545 .DEPER10ULO

369 690 449 749 tore
479 676 682 770 deperditae
711 701 769 747 res
796 682 1058 772 restituantur,
1094 699 1273 758 mercator
1307 701 1368 760 ta·

368 814 452 863 men
482 815 557 861 non
578 802 720 862 tantum
741 803 884 885 tempus
902 807 937 865 et
960 819 1108 888 operam
1132 801 1272 872 frustra
1295 806 1369 872 im-

366 905 517 999 pendit,
543 928 671 977 verum
712 906 803 974 male
837 918 935 999 gesta
964 932 1005 978 re
1032 912 1113 981 aliis
1144 916 1251 984 ctiam
1285 941 1369 984 mo-

365 1019 478 1090 lestiis
501 1019 677 1111 implicari
709 1029 840 1112 potest.
871 1059 920 1072 —
934 1021 1043 1091 'Finis
1074 1039 1195 1097 autem
1222 1033 1366 1101 assecu-

245 1118 251 1135 ’
365 1134 516 1204 rationis
537 1156 606 1233 pro
627 1133 729 1202 lucro
754 1133 894 1224 sperato
912 1146 1115 1208 contractae
1143 1142 1277 1212 multos
1307 1157 1364 1230 et,

364 1249 405 1317 ni
428 1248 555 1334 fallor,
590 1246 683 1336 ipsos
707 1244 846 1315 Codicis
879 1247 1009 1317 Gallici
1031 1263 1196 1327 auctores
1222 1256 1361 1348 effugit.

364 1359 579 1430 Tenendum
605 1358 699 1426 enim
720 1368 797 1447 est,
820 1382 925 1428 omne
947 1364 1127 1454 negotium
1150 1372 1361 1437 mercatori·

362 1498 427 1544 um
459 1483 590 1540 natura
621 1468 683 1538 sua
718 1473 790 1540 esle
821 1473 1025 1563 incertum,
1057 1500 1141 1547 cum
1167 1480 1268 1571 saepe
1297 1505 1362 1550 ca.

363 1588 444 1674 lus,
488 1586 550 1677 qui
581 1583 890 1677 vigilantissimum
931 1599 1168 1660 mercatorem
1202 1591 1359 1683 fallunt,

361 1700 401 1768 in
434 1699 510 1767 eius
539 1707 707 1768 eventum
742 1697 816 1768 vim
850 1711 1056 1772 exerceant.
1108 1702 1207 1775 Hinc
1235 1717 1359 1799 patet,

360 1812 494 1904 sperati
527 1811 621 1880 lucri
650 1810 951 1882 assecurationem
993 1835 1077 1881 cum
1119 1840 1194 1887 non
1228 1818 1360 1887 habere

360 1923 493 2009 finem,
519 1934 561 1993 ut
590 1923 686 2015 quod
714 1922 774 2016 spe
808 1935 844 1994 et
875 1925 967 1996 rotis
994 1925 1162 1997 conlistat
1196 1954 1360 1999 commo·

360 2038 472 2126 dum,
510 2036 680 2114 reddatur
711 2048 875 2127 certum,
910 2040 1045 2132 quippe
1075 2064 1157 2108 cum
1186 2043 1245 2110 hic
1275 2041 1358 2111 finis

359 2160 582 2220 mercaturae
605 2148 717 2217 indoli
737 2173 758 2218 e
775 2152 925 2243 regione
948 2151 1250 2245 foretoppolitus.
1302 2155 1359 2224 Ab

359 2263 618 2335 assecuratione
654 2261 766 2352 igitur
800 2274 925 2333 nostra
953 2265 1202 2358 distinguenda
1232 2277 1287 2337 cst
1318 2291 1360 2336 ea

360 2370 579 2466 conventio,
615 2396 707 2467 quae
739 2398 1007 2470 nonnunquam
1039 2380 1083 2449 de
1117 2381 1279 2474 augendo
1302 2380 1360 2451 vel

358 2491 553 2563 minuendo
575 2488 748 2558 mercium
776 2489 895 2578 pretio
923 2493 1175 2584 contrahitur,
1196 2518 1359 2588 quaeque

358 2608 436 2676 veri
458 2604 614 2696 nominis
634 2602 846 2672 assecuratio
859 2600 931 2671 dici
952 2628 1027 2675 non
1046 2618 1179 2698 potest.
1205 2609 1297 2676 Cum
1315 2631 1359 2673 e-

290 2740 294 2753 ·
357 2720 431 2789 nim
444 2717 714 2809 supradiximus
728 2767 738 2804 ,
751 2716 1048 2786 aslecurationcm
1068 2721 1242 2789 auxilium
1256 2742 1356 2786 mer-

355 2843 501 2900 caturae
521 2841 726 2922 praestare,
746 2853 787 2899 ca
802 2828 847 2898 ab
867 2830 933 2899 hac
957 2831 1120 2900 utilitatis
1140 2830 1244 2899 laude
1256 2831 1356 2920 poti-

355 2968 399 3013 us
427 2944 611 3015 videretur
638 2944 780 3032 aliena,
807 2942 855 3032 fi,
882 2943 1073 3015 commixta
1093 2942 1355 3033 utriusque-rei

354 3065 486 3126 natura
500 3105 510 3141 ,
534 3064 755 3123 mercaturae
767 3055 923 3125 indolem
935 3055 1043 3146 plane
1056 3063 1293 3125 converteret.
1305 3094 1354 3108 -

354 3167 497 3259 Sperati
519 3166 629 3258 igitur
657 3168 833 3235 commodi
860 3167 1072 3236 assecuratio
1096 3190 1138 3236 eo
1162 3168 1355 3259 conspicu-

352 3305 416 3351 um
438 3279 566 3351 habetss·
584 3277 716 3366 finem,
742 3288 810 3367 ut,
833 3278 1031 3370 deperditis
1043 3279 1100 3351 vel
1119 3279 1250 3350 damno
1262 3280 1356 3350 affe-

352 3396 419 3465 ctis
448 3392 654 3481 mercibus,
680 3390 725 3461 ab
756 3392 997 3465 assecuratore
1019 3392 1065 3461 ad
1087 3391 1269 3465 definitam
1288 3417 1354 3462 us-

352 3532 424 3603 que
456 3507 628 3577 summam
654 3506 867 3576 restituatur
895 3504 1063 3596 lucrum,
1087 3507 1194 3600 quale
1213 3531 1350 3579 merces

350 3622 447 3695 felici
476 3621 635 3692 adventu
658 3617 873 3690 habuissent.

399 3731 575 3824 Quamvis
604 3733 875 3805 assecurationis
899 3729 1006 3822 finis,
1033 3756 1140 3825 quem
1162 3755 1357 3825 memora-¹
1454 3758 1455 3762 =

349 3842 493 3936 rimus,
518 3858 741 3919 mercaturae
761 3846 952 3917 admodum
973 3847 1142 3920 inserviat
1154 3895 1165 3934 ,
1179 3843 1277 3913 Galli
1285 3854 1346 3913 ta-

350 3983 434 4032 rnen
466 3960 598 4054 sperati
617 3961 722 4033 'lucri
745 3962 1041 4032 assecurationem
1062 3957 1343 4051 prohibuerunt.

1112 4064 1116 4075 '
1222 4070 1344 4166 „Lu-
