2970 5018
239 441 287 511 ‚a
403 430 1091 539 ffnnrnarcuno.

239 651 332 722 banc
356 644 516 737 regulam
537 642 763 718 confirmavit
775 696 787 736 ‚
812 670 941 721 verum
973 650 1080 719 etiam
1107 658 1238 720 exten-2

238 764 318 834 fisse
342 759 507 848 videtur,
527 783 610 828 cum
627 760 923 831 assecurationem
947 763 1086 833 nullam
1114 763 1238 834 decla⁴

230 885 317 965 ret,
355 873 624 967 fipraesumtio
653 874 776 965 adest,
811 887 896 945 ante
922 878 1053 947 initum
1087 889 1237 947 contra-

238 1000 338 1059 ctum
359 988 601 1056 assecuratum
619 988 672 1055 rei
702 988 891 1058 interitum
920 991 979 1061 rel
1012 993 1238 1061 assecurato-

237 1127 315 1175 rem
350 1100 404 1170 rei
434 1098 629 1170 adventum
649 1101 770 1193 scire.
786 1102 971 1194 potuisse.
1024 1102 1237 1196 Speciminie
1292 1149 1296 1155 -

190 1234 193 1241 '
237 1215 336 1288 laud.
357 1222 523 1283 auctores
546 1214 584 1280 in
603 1213 724 1283 eadem
747 1213 1000 1286 constitutione
1017 1225 1122 1310 (art.
1146 1217 1236 1311 498)

236 1331 282 1400 ud
305 1324 571 1398 rescindendam
590 1328 885 1397 assecurationem
916 1353 992 1400 non
1011 1333 1232 1422 requirunt,

194 1527 197 1531 .
236 1454 280 1513 ut
302 1443 390 1510 nire
412 1439 622 1531 potuerint,
647 1441 705 1510 sed
725 1451 767 1509 ut
789 1464 918 1514 revera
942 1443 1131 1533 sciverint,
1166 1465 1233 1513 eod

235 1577 310 1649 ¹quo
331 1555 415 1625 casu
435 1550 601 1624 fraudem
620 1554 840 1624 commissam
858 1556 932 1626 ease
952 1556 1171 1641 declarant-3

695 1714 712 1816 §
744 1721 780 1792 6.-

293 1886 358 1957 'De
387 1885 696 1980 praesumtione,
734 1908 809 1978 qua
841 1885 1086 1977 atfhcnratne
1118 1886 1179 1956 vet

248 2038 253 2047 ¹
334 2002 578 2093 assecurator
601 2002 660 2071 rei
686 1999 886 2069 interitum
909 1999 969 2068 vel
994 1999 1137 2068 adven-
1220 2002 1223 2008 ’
1324 2002 1329 2008 ’

431 2125 513 2181 tum
522 2115 630 2206 seire
644 2114 821 2206 potuisse
845 2113 1031 2206 censetur.

202 2315 210 2333 ι
247 2290 253 2303 ·
287 2273 487 2363 Quamvis,
513 2278 677 2345 concessa
698 2278 765 2346 hac
785 2275 1013 2365 extensione,
1040 2275 1235 2344 maximum
1353 2313 1355 2317 ·

230 2384 498 2461 'incrementum
533 2391 668 2482 ceperit
697 2391 935 2480 assecuratio,
974 2389 1077 2459 fimul
1112 2398 1234 2457 tamen·

235 2501 426 2573 fraudibus
446 2505 505 2576 tio
523 2504 663 2574 munita
683 2503 755 2572 esse
775 2503 978 2574 videbatur.
1030 2498 1236 2571 Assecurati

233 2605 274 2687 ‘et
287 2610 547 2688 assecuratores
567 2640 643 2686 non
663 2616 777 2685 solum
800 2617 922 2684 damni
949 2624 1047 2684 metu
1074 2625 1110 2682 et
1140 2610 1235 2680 lucri

237 2731 434 2819 cupiditate
460 2733 505 2800 ad
525 2731 691 2801 fraudem
717 2729 990 2818 alliciebantur,
1017 2749 1143 2799 verum
1164 2724 1237 2791 eti-

236 2864 294 2910 am
319 2852 472 2933 propter
495 2844 673 2914 difficilem
694 2845 770 2929 eius
793 2843 1042 2939 probationem
1066 2837 1237 2927 impunis

231 2956 346 3024 atem
370 2956 513 3048 sperare
535 2969 717 3050 poterant.
769 2956 908 3048 Siquis
936 2953 1030 3020 enim
1060 2960 1135 3017 re'm
1164 2948 1233 3015 de-

235 3067 415 3162 perditam
444 3069 502 3141 tel
530 3071 661 3144 salvam
690 3071 981 3152 asservarent,
1017 3064 1099 3131 dolo
1124 3065 1236 3153 egisse

186 3165 189 3173 ¹
235 3193 314 3250 non
341 3180 636 3271 existimabatur,
673 3202 756 3252 cum
785 3181 860 3273 ipsa
884 3179 942 3246 lex
973 3178 1067 3246 hanc
1089 3176 1236 3245 assecu-

234 3284 413 3364 rationem
434 3291 712 3365 confirmaverit.
740 3290 971 3387 Ignorantia
993 3290 1104 3381 igitur
1115 3312 1237 3381 prae·

226 3409 419 3503 sumenda
450 3421 540 3499 ert,
571 3409 637 3480 ubi
655 3408 823 3503 scientia
853 3427 927 3474 non
948 3403 1168 3496 probatur,
1198 3411 1238 3470 et-

234 3521 332 3594 talet
364 3523 472 3593 etiam
503 3506 581 3593 hic¹
597 3523 689 3594 iuris
721 3519 882 3612 regula,
920 3515 1103 3586 incumbit
1140 3536 1238 3592 anua

129 3629 131 3636 ’
227 3635 424 3728 probandi
443 3634 504 3728 ei,
531 3637 595 3733 qai
618 3635 714 3708 dicit
737 3633 837 3731 (49).
1139 3721 1168 3792 c

143 3750 146 3757 ’
333 3778 337 3786 -
1168 3744 1231 3796 Um
1289 3756 1290 3761 ’

236 3879 339 4031 Ab)
367 3899 464 3942 anau.
483 3886 519 3945 11.
538 3885 588 3944 Cb.
610 3900 651 3958 ις.
669 3889 739 3953 sect.
756 3896 785 3953 3·
803 3883 816 3952 ς
835 3893 862 3952 5·
896 3888 1053 3946 roraret,
1076 3872 1166 3932 Trattt
1188 3871 1234 3926 det

262 3980 295 4017 s.
312 3969 354 4024 n⁰.
375 3979 419 4031 ¹3·
675 4003 680 4010 .
