2970 5018
291 446 988 526 assucuunrontrs.
1094 478 1144 552 η

192 661 287 733 Cum
310 686 399 738 vero
422 667 600 736 incertum
615 663 912 734 contrahentibus
939 667 1145 756 periculum

143 780 256 867 estet,
284 791 320 849 et
344 779 513 850 futurum
555 803 700 872 quoque
731 777 816 870 ipfis
838 778 1048 869 rideretur,
1069 783 1144 850 eti-

142 893 229 962 amfl
269 917 396 966 revera
432 896 602 964 damnum
638 895 710 961 iam
744 881 885 961 illatum
930 894 1044 980 esset,
1072 894 1145 965 de·-

141 1007 267 1099 inceps
291 1007 428 1100 legibus
455 1008 583 1099 patriis
606 1014 642 1073 et
667 1003 815 1073 Gallicis
838 1004 884 1072 ab
909 1005 1051 1098 antiqui
1080 1007 1146 1083 iun?

142 1124 195 1192 ris
219 1123 339 1215 rigore
362 1123 539 1190 recessum
558 1129 624 1186 est.
676 1120 752 1188 Eae
773 1128 895 1188 autem
918 1130 1145 1192 mercaturae

142 1246 180 1305 et
223 1235 480 1305 assecurationi
522 1232 708 1322 faventes,
757 1243 983 1302 contractum
1013 1233 1145 1305 <valere
1215 1281 1219 1286 ·

17 1385 22 1392 -
140 1348 367 1439 statuebant,
394 1347 499 1416 modo
525 1348 775 1417 contrahentes
793 1347 848 1416 rei
871 1347 1060 1417 interitum
1082 1348 1144 1420 vel

140 1463 337 1533 adventum
375 1461 608 1552 ignorassent.
668 1460 768 1530 Hinc
807 1463 918 1554 igitur
955 1463 1145 1530 assecura-

141 1576 193 1643 tio
218 1598 388 1665 magnum
414 1574 569 1646 videtur
583 1565 716 1667 cepisse
748 1574 1035 1664 incrementum
1064 1575 1146 1645 ciue
1268 1642 1271 1646 A

144 1710 216 1778 que
243 1687 414 1776 utilitas,
459 1711 551 1779 quae
593 1690 681 1758 olim
721 1689 904 1781 frequenti
935 1698 1170 1766 contractus¹

142 1800 350 1869 rescisfione
381 1801 484 1870 valde
518 1801 825 1892 imminuebatur,
869 1797 914 1870 ab
955 1803 1024 1872 hoc
1058 1803 1144 1871 inde
1210 1828 1213 1837 ·

140 1922 305 2004 tempore
334 1913 443 1987 latius
481 1917 612 2008 putuit.
665 1916 774 1985 Tales
804 1927 925 1986 autem
956 1917 1143 1986 assecura-

140 2027 279 2115 tiones,
318 2025 344 2096 fi
388 2027 525 2098 sincere
567 2030 790 2100 assecuratus
807 2030 1029 2123 'periculum
1043 2053 1142 2102 ¹cum
1177 2070 1180 2083 ·
1264 2072 1266 2087 ·

140 2142 383 2211 assecuratore
413 2144 732 2216 communicaverit
744 2192 756 2231 ,
781 2144 1019 2214 assecuratori
1039 2144 1143 2234 saepe

140 2255 255 2324 maius
305 2257 589 2326 emolumenturn
632 2268 845 2350 praestant,
887 2280 995 2351 quem
1036 2257 1145 2324 uliae.¹

139 2365 293 2440 Homini
308 2370 407 2438 enim
427 2373 649 2464 experientia
665 2373 790 2443 edocto
811 2372 954 2444 facilius
971 2379 1026 2440 est
1036 2369 1143 2437 dam-

138 2505 188 2550 na
220 2481 439 2574 diiudicare,
477 2509 569 2577 quae
605 2488 877 2580 tempestatibus
913 2495 951 2552 et
981 2482 1143 2559 hostium

138 2594 197 2666 vel
214 2595 417 2686 piratarum
433 2599 724 2690 incurfionibus‚
753 2599 864 2686 locis,
888 2596 973 2664 licet
993 2593 1143 2686 longin-

44 2799 47 2802 Δ
140 2709 245 2798 quis,
272 2719 423 2801 experta
448 2713 556 2804 sunt,
592 2738 700 2807 quam
736 2713 887 2800 damna,
916 2731 1007 2802 quae
1029 2731 1052 2777 a
1075 2709 1141 2779 fit-

138 2824 230 2892 turis
262 2824 435 2916 periculis
459 2836 676 2896 metuuntur
703 2825 810 2918 (47).

185 2933 287 3005 Haec
321 2939 593 3009 assecurationis
630 2939 790 3009 extentio
819 2937 941 3007 Grotii
976 2945 1143 3028 tempore

137 3052 352 3143 generaliter
387 3063 651 3145 eratrecepta,
686 3054 783 3123 unde
810 3052 936 3122 dixisse
969 3051 1139 3124 videtur:

139 3162 398 3252 „Contractus
432 3167 619 3240 avertendi
643 3167 823 3259 periculi,
861 3189 967 3261 quem
994 3165 1141 3234 assecu-

139 3276 358 3365 „rationem
380 3293 539 3373 vocant,
562 3281 710 3352 omnino
735 3281 859 3354 nullus
885 3281 977 3369 erit,
1000 3277 1026 3347 ii
1046 3289 1142 3346 con-³

138 3378 401 3477 „trahentium
425 3395 516 3464 alter
553 3419 652 3486 rem,
690 3395 734 3465 de
771 3418 843 3489 que
887 3392 1029 3485 egitur,
1074 3393 1141 3455 aut
1173 3455 1175 3458 ,

136 3547 167 3591 er
180 3499 338 3590 solvam,
361 3526 432 3592 quo
444 3507 688 3580 destinabatur
708 3506 937 3602 pervenisse,
959 3513 1023 3571 aut
1035 3497 1140 3590 peri-
1263 3546 1274 3558 .

39 3677 43 3682 A
65 3620 68 3625 ’
137 3641 168 3710 ·„
181 3615 247 3686 isse
264 3615 431 3689 sciverit''
446 3617 552 3709 (48).
601 3621 723 3692 codex
733 3619 899 3695 Gallicus
908 3620 1139 3796 nonmhtau?

704 3751 708 3759 '
979 3746 984 3755 '
1115 3740 1140 3806 θ,

168 3862 396 3932 (mutarem
407 3922 415 3931 ,
427 3865 479 3919 tu.
496 3871 636 3928 pag-um.

172 3950 241 4019 (48)
259 3951 285 4004 1.
299 3950 332 4013 B.
347 3965 379 4006 ac
395 3952 430 4005 Ρ.
445 3947 508 4006 Lib.
527 3947 566 4005 11.
582 3949 619 4003 C.
640 3958 681 4002 ιο.
699 3944 712 4014 §
730 3957 773 4012 13.
