2970 5018
244 485 316 557 166
434 476 550 550 ·DB
598 465 1033 549 PERICULO

241 694 333 765 illud
352 694 390 762 in
407 692 548 784 poliano
569 689 755 759 societatis
774 688 853 759 Aes.
879 687 984 758 Holl.
1004 687 1140 757 facturn
1161 687 1247 756 esse

239 809 407 880 vidimus.
459 796 604 875 Etenim
632 804 788 892 finani,
816 813 1032 894 antequam,
1059 824 1149 894 quas
1171 800 1249 868 ad-

238 921 415 1008 duxerat,
444 937 576 987 merces
603 928 818 989 exoneratae
849 917 954 1006 lunt,
988 916 1077 985 aliae
1100 937 1247 983 merces

238 1036 283 1103 nd
301 1033 527 1103 redeundum
547 1033 807 1123 imponantur,
829 1031 1032 1122 periculum
1051 1029 1150 1116 eius,
1177 1028 1246 1119 qui

237 1149 393 1217 reditum
417 1146 520 1215 navis
543 1145 785 1232 assecuravit,
811 1144 997 1225 concurrit
1021 1166 1103 1211 oum
1134 1143 1248 1233 peri-

238 1261 322 1330 culo
339 1260 490 1330 alteriue
514 1259 794 1348 assecuratorir,
822 1259 984 1350 quinon
1016 1256 1082 1326 nili
1111 1255 1248 1347 elapsis

239 1397 282 1444 21
312 1373 437 1443 diebus
469 1395 512 1441 eo
547 1373 738 1445 liberatur.
801 1369 860 1442 Sic
895 1373 1001 1441 navis
1033 1369 1247 1461 periculum

238 1499 391 1578 uterque
420 1487 644 1555 assecurator
668 1487 850 1575 sustinet,
885 1509 968 1555 oum
991 1484 1054 1577 qui
1071 1482 1247 1575 abitum,

238 1612 316 1670 turn
337 1623 427 1670 vero
452 1603 514 1692 qui
536 1602 693 1670 reditum
712 1600 940 1671 assecuravit.
1076 1688 1080 1696 .

286 1714 378 1782 Cum
403 1737 490 1787 vero
512 1716 565 1784 rei
586 1725 738 1790 naturae
759 1723 958 1807 repugnet,
972 1721 1027 1781 'ut
1048 1734 1094 1780 ex
1110 1709 1247 1803 dupli-

236 1827 270 1896 ci
287 1826 409 1897 damni
429 1830 657 1898 restitutione
674 1828 899 1898 assecuratuo
915 1827 1154 1914 lucraretur,
1167 1821 1246 1897 alia

236 1940 467 2034 excogitanda
499 1943 592 2010 ratio
627 1954 694 2012 est.
746 1940 856 2035 Apud
887 1941 1013 2020 Gallos
1047 1950 1245 2031 receptum

237 2066 316 2126 erat
344 2055 589 2146 principium,
615 2059 734 2149 qu'nn
762 2056 893 2128 navire
927 2077 973 2123 ne
993 2063 1091 2145 peut
1116 2056 1245 2144 perir

238 2193 285 2239 en
305 2175 422 2241 meme
451 2181 545 2237 teme
574 2172 740 2243 d'entrde
769 2183 807 2240 et
838 2172 884 2240 de
899 2169 1024 2263 sortia
1036 2196 1054 2254 ,·
1087 2191 1240 2259 eoque,
1304 2248 1311 2260 ³

237 2295 412 2374 tanquam
425 2282 685 2373 fundamento,
708 2284 911 2354 nonnullae
925 2283 1096 2352 nituntur
1119 2303 1242 2374 regu-

239 2398 316 2486 lae,
344 2420 432 2489 quas
458 2417 693 2466 nnamoonua
718 2397 865 2467 tradidit
887 2393 992 2489 (12).

286 2509 401 2604 Leges
416 2511 561 2605 patriae*
577 2509 645 2582 hac
668 2510 712 2579 do
731 2533 773 2580 re
794 2510 907 2581 filent.
934 2534 983 2593 -ε

722 2739 801 2832 §a

331 2959 395 3032 De
414 2965 586 3055 periculi
615 2966 725 3036 initio
748 2976 786 3034 et
804 2964 887 3055 fine
912 2965 954 3035 in
982 2963 1136 3058 osseca-⁴

587 3079 735 3156 ratione
757 3079 877 3149 nauli.

284 3301 462 3391 Quamvis
485 3296 565 3372 iure
586 3294 730 3374 Gallico
751 3303 861 3375 nauli
886 3302 1101 3375 assecuratio
1120 3303 1243 3379 vetita

235 3413 302 3506 fit,
329 3415 508 3497 nonnulla
534 3425 656 3486 tamen
678 3417 723 3488 de
742 3417 848 3489 initio
869 3430 906 3490 et
926 3417 997 3489 fine
1018 3417 1177 3512 periculi
1198 3423 1241 3492 in

233 3530 332 3602 hisee
351 3528 676 3602 assecurationibus
709 3532 880 3605 videntur
908 3532 1115 3623 monenda,
1149 3556 1241 3611 cum

233 3644 313 3716 iure
340 3649 462 3742 patrio
493 3647 613 3720 licitae
643 3645 808 3742 fuerint,
838 3649 883 3722 'et
911 3647 1068 3723 innon
1099 3646 1242 3719 codicia

1148 3756 1252 3852 [μέ

269 4019 339 4105 (12)
355 4022 393 4079 11.
412 4023 465 4080 ct.
486 4037 527 4093 ¹³·
546 4026 621 4082 Serto
633 4038 676 4081 oo.
691 4039 751 4098 prr.
767 4028 1114 4117 taeterrimorum
1175 4026 1189 4104 Ἰ
1240 3994 1244 4001 η
