2970 5018
241 440 291 524 46
453 446 549 522 DE
598 448 1028 524 PERICULO

243 671 449 745 divifionem
461 726 472 765 ,
510 677 673 770 quamvis
708 677 782 747 iuri
814 675 955 745 Gallico
983 678 1078 743 'non
1112 675 1241 744 admo·-¹

201 844 204 851 ,
245 788 331 856 dum
362 792 659 880 convenientem,
688 791 777 860 mihi
807 800 844 859 et
863 790 1068 881 argumenti
1088 787 1238 860 latitudo

242 910 280 973 ot
303 902 393 973 iuris
421 906 533 996 pstn'i
557 898 750 974 liberalitas
779 903 923 994 suafit(
968 903 996 998 )

340 1126 1134 1201 §EGTIOPRIM'A

413 1360 464 1409 DE
498 1360 659 1411 omens
694 1363 865 1412 PERICULI
890 1362 1068 1415 nimicus.

702 1556 784 1647 μ.

300 1776 364 1851 'De
393 1779 548 1853 navium
587 1793 625 1851 et
656 1780 840 1850 mercium
885 1782 1182 1874 assecuratione·

243 2048 312 2200 Si
330 2116 370 2187 in
389 2116 610 2189 recensendis
627 2119 781 2211 periculi
800 2117 944 2189 obiectis
956 2115 1000 2185 eb
1021 2116 1064 2184 iis
1089 2115 1238 2184 ordien-

239 2228 326 2298 dum
338 2230 399 2317 fit,
416 2255 508 2322 quae
516 2232 716 2322 plurimum
727 2234 999 2315 assecurantur‚
1015 2229 1118 2298 facile
1130 2241 1237 2321 pste-

239 2339 315 2432 bit,
330 2367 441 2435 quare
452 2345 497 2412 de
506 2345 590 2416 navi
601 2346 850 2438 mercibusque
866 2345 982 2413 dicere
993 2343 1175 2434 incipiam.
1188 2380 1238 2393 -

236 2455 356 2549 Leges
403 2469 545 2549 praeter
582 2480 646 2545 ee,
693 2482 784 2549 quae
822 2460 865 2527 de
905 2456 1117 2550 designanda
1154 2453 1238 2524 navi

238 2570 349 2661 supra
380 2572 478 2659 dixi,
505 2571 571 2640 hac
603 2571 712 2638 dere
742 2571 934 2662 lingularis
959 2596 1034 2640 non
1059 2567 1237 2661 praescri-

239 2678 333 2752 bunt
352 2695 390 2751 et
412 2685 574 2755 omnium
593 2685 739 2753 omnino
767 2683 914 2755 navium
940 2681 1236 2753 assecurationem

235 2794 437 2883 permisisse
477 2799 657 2868 videntur.
720 2795 832 2868 Navis
870 2797 980 2888 igitur
1021 2814 1142 2864 vacua
1178 2791 1236 2859 vel

196 2979 198 2985 ,
237 2918 423 2994 onerata,
461 2923 615 2979 armata
649 2910 706 2980 vel
741 2935 815 2979 non
852 2919 1027 2994 armata,
1054 2904 1145 2994 sola
1176 2904 1237 2974 vel

235 3019 325 3088 aliis
357 3019 538 3088 comitata
570 3024 752 3112 navibus,
782 3020 1037 3092 assecuratoris
1070 3017 1233 3108 periculo

238 3132 413 3203 committi
451 3143 572 3224 potest
584 3160 596 3222 ;
641 3159 796 3229 cumque
835 3157 905 3226 pro
954 3131 1098 3203 diversis
1138 3131 1236 3201 hisce

233 3245 505 3320 circumstantiis
543 3249 698 3345 periculi
734 3257 853 3321 metus
882 3256 1057 3340 augeatur
1083 3244 1141 3319 vel
1165 3245 1232 3314 de-

1149 3383 1233 3429 ere-

271 3626 323 3704 (s)
345 3636 419 3694 Hanc
435 3633 593 3691 divisionem
611 3633 742 3690 indicasse
766 3632 832 3687 mihi
851 3630 955 3688 videtur
971 3643 1133 3688 csssnscn
1155 3628 1231 3680 Disc.

238 3730 281 3784 15·
318 3723 510 3784 „securitates
533 3735 585 3774 non
603 3719 715 3788 possunt
729 3718 789 3773 fleri
804 3734 854 3788 pro
871 3720 900 3772 se
917 3734 1002 3786 neque
1018 3732 1068 3783 pro
1084 3715 1160 3775 aliis,
1181 3711 1231 3765 sifi
1260 3769 1262 3775 ‚

235 3834 258 3866 n
267 3815 341 3856 extet
358 3806 483 3868 nisum,
499 3803 544 3858 vel
560 3807 586 3858 in
605 3805 739 3860 mercibus
753 3802 798 3856 vel
815 3805 843 3858 in
860 3804 991 3866 navigiis,
1017 3799 1061 3851 vel
1077 3797 1154 3849 rebus
1171 3800 1231 3863 qui·

170 3872 175 3882 “
237 3917 258 3945 ,,
268 3885 358 3940 busvis
368 3892 524 3948 assecuratis
538 3891 650 3947 modim
665 3888 710 3948 vel
724 3890 890 3954 immediate,
903 3883 1089 3955 principaliter
1097 3881 1140 3937 vel
1157 3882 1227 3935 inds-

232 3969 362 4032 „necte”
