2970 5018
241 454 312 510 m
436 411 1134 511 .rurnouucrro.²

291 637 516 714 Adumbrats
531 639 641 734 igitur
657 639 749 710 iuris
768 641 943 734 historia,
966 647 1093 738 paucis
1116 648 1244 720 vidra-

243 778 349 844 mus‚
376 777 449 848 qua
466 755 607 822 ratione
629 753 723 846 leges
751 757 1022 828 assecurationis
1045 771 1239 854 naturam,

219 902 223 909 ·
241 868 445 964 praeceptis
475 864 656 937 definitam
687 889 729 936 aa
749 871 994 963 moderatam,
1018 886 1241 946 mercaturae

242 980 437 1052 commodis
473 979 712 1071 permiserint.
763 976 855 1052 Cum'
888 1007 976 1056 vero
1011 987 1118 1056 etiam
1142 1011 1241 1058 nuno

241 1099 322 1167 iure
346 1094 487 1195 Gallico
507 1104 677 1184 utamur,
702 1094 861 1186 primum
881 1098 916 1166 ci
931 1100 971 1167 in
995 1099 1241 1193 disputatione

240 1220 368 1283 nostra
401 1208 531 1277 locum
550 1208 816 1278 consedendum
850 1209 1008 1284 videtur.
1021 1253 1069 1271 -
1089 1213 1241 1284 Assecu·

240 1326 420 1410 rationes,
451 1318 657 1412 ubicunque
694 1332 898 1393 contractae
936 1325 1029 1417 lint,
1058 1328 1241 1398 communi

240 1437 404 1508 omnium
431 1429 529 1523 fine,
563 1434 609 1502 ad
631 1434 897 1507 resarcitionem
917 1441 1072 1511 tendunt
1090 1443 1238 1530 damni,

238 1553 294 1622 rei
326 1551 546 1619 assecurstas
573 1547 612 1616 in
642 1549 868 1642 navigatione
897 1552 1010 1644 illati,
1046 1555 1112 1625 nifi
1143 1556 1239 1648 quod

166 1750 172 1761 Ι
238 1663 400 1735 clausula
433 1673 623 1755 exceptum
656 1659 724 1754 fit,
757 1663 817 1735 vel
849 1667 1042 1737 assecurati
1067 1669 1150 1739 dolo
1181 1668 1238 1741 rel

239 1778 350 1870 culpa
382 1777 522 1846 existat.
583 1773 702 1846 Omns
744 1779 840 1846 enim
881 1778 976 1849 lucri
1008 1781 1160 1854 studium
1192 1782 1237 1850 sb

239 1893 318 1963 eius
358 1900 490 1961 natura
531 1888 785 1961 alienissimum
829 1902 905 1980 est,
952 1902 1013 1981 et,
1054 1906 1239 1965 contracta

239 2005 523 2094 assecuratione,
548 2009 771 2086 assecurstor
801 2006 983 2097 susceptae
1009 2005 1237 2100 obligationis

239 2117 387 2192 vinculo
419 2116 594 2208 seipsum
620 2117 756 2192 solvere
787 2119 926 2213 nequit.
977 2117 1071 2208 Sed,
1105 2143 1237 2211 quam-

237 2232 294 2304 vis
326 2231 509 2299 communi
531 2231 600 2299 hoo
630 2229 868 2300 fundamento
894 2252 1018 2301 omnes
1043 2233 1234 2321 nitantur,

237 2368 368 2440 magua
391 2355 512 2414 tamen
534 2342 631 2413 inter
653 2343 747 2438 leges
765 2344 988 2437 singulorum
1010 2345 1234 2438 populorum

237 2459 305 2530 hac
336 2459 376 2530 iu
396 2480 437 2528 re
460 2455 642 2527 diversitas
671 2467 738 2528 est.
789 2459 989 2530 Utilisfima
1008 2461 1118 2553 igitur
1146 2459 1235 2528 mihi

237 2573 328 2644 iuris
361 2571 472 2665 patrii
492 2590 576 2639 oum
609 2568 747 2662 legibus
777 2570 926 2644 Gallicis
954 2574 1099 2645 videtur
1119 2569 1234 2641 colla-

236 2686 314 2773 tio,
342 2687 479 2777 quippe
499 2708 591 2780 quae
612 2707 687 2754 non
707 2706 782 2752 uno
802 2686 966 2776 respectu
985 2687 1156 2756 diversam
1169 2707 1235 2752 ra-

236 2798 374 2867 tionem
406 2800 533 2868 sectari
552 2799 758 2872 videantur.
809 2796 885 2868 Nec
911 2800 1002 2869 mira
1024 2799 1111 2866 hooc
1142 2798 1233 2866 iuris

238 2910 422 2981 diversitas
440 2909 486 2977 ab
509 2933 552 2978 eo
573 2912 769 2982 existimari
791 2921 934 3004 potest,
960 2910 1048 3001 qui,
1071 2906 1235 2979 instituto

238 3024 423 3108 examine,
461 3021 654 3094 Gallorum
685 3048 828 3111 mores,
870 3021 1080 3116 praesertim
1116 3021 1156 3091 in
1192 3044 1232 3092 re

237 3123 474 3210 mercatoria,
500 3129 537 3189 et
558 3125 725 3215 antiquus
746 3120 1019 3193 consuetudines
1039 3143 1122 3189 cum
1143 3144 1233 3190 nos-

235 3236 386 3308 tratium
418 3231 580 3304 moribus
616 3247 653 3306 et
694 3238 773 3307 iure
808 3237 959 3328 antiquo
994 3258 1233 3326 comparave-

234 3351 299 3426 rit}
319 3386 370 3406 --
396 3347 560 3420 Maxima
593 3359 714 3418 autem
756 3348 979 3437 discrimina,
1016 3372 1107 3441 quae
1136 3348 1235 3442 leges

232 3473 377 3535 nostras
400 3474 438 3534 et
462 3461 619 3532 Gallicas
651 3462 901 3554 intercedunt,
926 3488 972 3535 ex
993 3460 1139 3537 diversis
1161 3486 1236 3533 no·

231 3580 392 3651 tionibus
415 3580 654 3669 derivantur,
681 3601 771 3670 quas
794 3578 889 3671 leges
912 3579 970 3651 vel
994 3576 1061 3646 Icti
1089 3576 1236 3666 praeci-2

231 3694 317 3784 puis
337 3694 446 3765 huius
466 3701 673 3763 contractus
691 3691 967 3786 obligationibus
991 3689 1237 3761 subiecerunt.=

233 3800 291 3871 Sic
326 3807 461 3895 damni
478 3807 660 3879 resarcitio
702 3805 750 3876 ab
782 3807 1024 3876 assecuratore
1069 3797 1234 3873 facienda

234 3915 332 4004 apud
361 3927 541 4005 nostrates
577 3919 686 4005 latius
720 3917 953 4006 ementitur,
1000 3933 1108 4006 ‘luam
1132 3914 1233 4102 (ἒᾜᾶ
