2970 5018
370 469 419 536 40
589 461 1200 548 DEPERICULO,
1315 450 1321 460 ’

369 677 447 764 vit,
479 675 646 765 periculi
671 676 843 767 pretium
872 687 927 744 est
978 675 1050 768 (Le
1085 685 1173 744 cout
1200 673 1246 743 de
1269 677 1367 744 l'os-

367 790 554 883 suranco).
588 789 657 860 ,si
692 791 772 882 quis
804 790 914 881 igitur
947 790 1019 859 fine
1054 790 1216 881 praemio
1256 791 1367 869 maris

365 903 528 996 pericula
557 901 624 972 fide
649 903 711 973 sua
741 902 914 990 iusserat,
951 904 1040 971 inita
1074 902 1265 971 conventio
1297 903 1366 970 do-

366 1017 522 1086 nationis
549 1016 607 1086 vel
636 1013 868 1085 fideiussronis
892 1027 1062 1085 naturam
1091 1016 1246 1085 induisse
1261 1016 1365 1087 vide-

365 1140 489 1216 retur,
505 1128 646 1217 quaein
659 1127 907 1218 distinguenda
914 1128 972 1199 vel
984 1127 1207 1224 diiudicanda
1215 1130 1365 1220 pericu-

365 1243 484 1311 lorum
517 1250 648 1308 natura
682 1249 824 1308 tantum
860 1264 943 1309 cum
975 1242 1236 1310 assecuratione
1269 1260 1363 1338 oon-

364 1355 475 1425 venit.
528 1351 626 1441 Sed,
674 1352 838 1442 quamvis
876 1353 1018 1443 polizza
1055 1355 1256 1446 expressam
1288 1367 1364 1423 non¹

364 1466 546 1535 contineat
579 1464 730 1556 praemii
763 1462 1052 1555 stipulationem,
1095 1466 1213 1538 valida
1243 1478 1366 1536 tamen

362 1579 450 1648 mihi
476 1579 618 1650 videtur
638 1578 876 1668 assecuratio,
902 1577 929 1647 fi
955 1579 1105 1650 aliunde
1131 1580 1175 1649 de
1204 1604 1246 1651 eo
1279 1572 1365 1650 con·
1468 1632 1479 1649 κ

363 1678 464 1761 stare'
482 1702 600 1782 potest
626 1691 641 1783 (
652 1691 734 1784 70).

412 1805 471 1872 Ex
502 1805 545 1873 iis
558 1855 570 1894 ,
604 1804 763 1895 quaeda
792 1804 946 1897 periculi
976 1806 1225 1889 aestimatione
1253 1808 1361 1898 supra

362 1918 567 2009 disputavi,
598 1920 680 1987 satis
702 1918 837 1989 constat
849 1970 860 2009 ,
892 1917 1048 2010 quaesit
1082 1920 1178 1988 inter
1212 1932 1364 1988 contra-

363 2033 490 2102 hentes
512 2035 754 2123 praemiorum
788 2034 893 2101 ratio.
945 2031 1037 2100 Cum
1059 2055 1145 2102 vero
1169 2033 1362 2102 admodum

362 2145 499 2216 diversa
534 2144 576 2212 fit
613 2147 861 2237 periculorum
904 2145 1093 2236 gravitas,
1127 2144 1362 2242 diverfisfima

363 2281 507 2351 quoque
536 2259 728 2329 usurarum
757 2261 850 2328 ratio
878 2269 991 2327 estet
1020 2258 1157 2350 legibus
1184 2260 1287 2328 nulla
1317 2284 1361 2328 a·

363 2376 434 2441 ctio
459 2371 504 2439 ob
525 2372 708 2439 laesionem
730 2373 786 2442 vel
812 2373 1009 2440 usurariam
1033 2373 1248 2464 pravitatem
1270 2398 1361 2444 con-

363 2487 514 2555 ceditur.
564 2485 824 2554 Contrahentes
850 2486 960 2576 igitur
978 2509 1048 2577 pro
1071 2483 1221 2556 arbitrio
1251 2511 1361 2580 prac-

362 2601 426 2667 mii
453 2601 626 2669 summam
652 2597 798 2667 definire
831 2598 1007 2690 possunt,
1034 2623 1145 2692 eaque
1168 2602 1358 2690 deinceps,

361 2713 428 2780 nis1
448 2713 532 2802 ipsis
562 2711 887 2801 consentientibus,
912 2713 1098 2780 immutari
1117 2738 1191 2782 non
1224 2722 1357 2803 potest.

361 2823 443 2891 Hac
455 2824 549 2893 dere
568 2827 651 2896 olim
664 2829 703 2895 in
716 2825 836 2895 Gallia
847 2824 1096 2895 celeberrimae
1107 2825 1187 2893 lites
1209 2824 1360 2914 agitatae

360 2939 469 3025 sunt,
508 2936 589 3006 cnm
621 2936 730 3030 Angli
770 2940 868 3032 pacis
901 2951 1088 3031 tempore,
1117 2947 1358 3021 mercatorum

359 3073 469 3119 naves
488 3048 769 3137 infestaverant3
797 3076 911 3145 eoque
929 3052 1010 3120 casu
1035 3059 1163 3118 contra
1185 3050 1276 3119 iuris
1296 3074 1361 3143 re-

358 3162 459 3254 gulas
488 3159 726 3231 tribunalium
758 3165 939 3234 sententiis
971 3172 1077 3231 aucta
1105 3162 1213 3231 fuisse
1247 3187 1359 3254 prae·

358 3276 431 3344 mia
462 3275 573 3344 refert
600 3295 815 3345 rormnmos
827 3327 838 3365 ,
866 3300 911 3345 ne
931 3276 1190 3344 assecuratores
1219 3275 1358 3348 solven-

357 3387 404 3457 do
442 3388 598 3479 impares
637 3387 896 3476 redderentur,
936 3387 1033 3456 unde
1070 3389 1206 3457 maiora
1249 3389 1357 3458 etiam

357 3501 516 3574 malain
546 3509 786 3571 mercaturam
820 3501 1065 3574 redundarent
1093 3501 1211 3598 (7¹)·.
1361 3481 1372 3493 ⁵

376 3632 378 3638 “
795 3642 797 3649 ·
1258 3615 1356 3684 Pro-

374 3822 462 3923 ι(7ο.)
481 3858 574 3914 noent
592 3859 619 3913 ll¹
641 3859 674 3916 ad
693 3860 754 3916 Art.
771 3874 833 3926 332.
851 3875 911 3929 pag.
929 3859 971 3915 62
993 3861 1048 3929 seq·
1140 3836 1149 3871 '

391 3942 461 4011 (71)
479 3956 612 4001 roratur.
629 3944 658 4002 u.
678 3946 734 4006 ΝΟ.
752 3949 805 4013 833
823 3946 896 4009 conf,
913 3959 998 4027 tamen
1012 3956 1195 4036 ,errassem
1210 3941 1239 4001 ia
1254 3949 1294 4019 aa.
