2970 5018
231 429 281 506 §6
446 420 543 497 DE
593 414 1021 501 PERICULO

234 641 457 738 quiruntur,
493 637 585 707 illud
616 635 769 705 maxime
811 635 927 705 tendit
971 635 1017 704 ad
1059 636 1232 707 tuendam

234 761 443 840 contractus
475 750 719 843 integritatem
750 759 787 820 et
818 748 952 819 bonam
984 751 1234 820 contrahenti-

233 893 297 940 um
318 865 436 936 fidem.
488 862 544 934 Ab
561 887 604 934 ea
624 874 745 933 autem
764 864 917 933 maxime
936 863 1115 934 recesfisse
1131 866 1235 936 videa

235 994 323 1071 tur,
346 977 467 1081 fi'quis
479 978 532 1045 rei
551 978 739 1047 interitum
765 978 823 1048 vel
845 978 983 1047 felicem
1003 980 1080 1048 eius
1103 981 1236 1050 adven-

236 1107 317 1183 tum
349 1087 542 1176 celaverit,
567 1111 717 1183 eamque
750 1088 797 1158 ob
831 1092 987 1161 caussam
1017 1092 1112 1186 leges
1140 1095 1234 1165 hanc

165 1200 168 1206 ⁵
236 1206 401 1282 fraudem
418 1225 495 1272 non
517 1212 660 1271 tantum
683 1203 828 1273 rescissa
850 1207 1110 1276 assecuratione
1133 1231 1236 1276 com-

235 1328 414 1419 pescunt,
439 1314 498 1384 sed
533 1314 761 1386 fraudantem
786 1340 931 1410 quoque
953 1342 1090 1410 poenae
1121 1319 1236 1389 subii-

237 1438 365 1521 ciunt,
391 1455 484 1526 quae
515 1431 592 1527 lege
616 1430 760 1506 Gallica
783 1431 888 1526 dupli
920 1433 1071 1524 praemii
1099 1434 1235 1503 mulcta

235 1547 384 1633 multat.
511 1642 512 1647 ἵ
662 1546 666 1554 ’
701 1582 702 1587 1
787 1611 790 1616 .

279 1662 357 1732 -sed
381 1684 455 1754 quo
478 1659 590 1754 magis
622 1659 767 1732 fraudes
799 1660 915 1732 averti
946 1661 1106 1752 possint,
1142 1662 1235 1755 leges

237 1796 315 1849 non
340 1785 483 1846 tantum
503 1773 657 1870 probata
682 1786 833 1846 eventus
863 1775 1066 1864 cognitione
1101 1776 1239 1845 assecu-

236 1891 416 1963 rationem
442 1890 581 1960 nullam
601 1889 807 1977 declarant,
832 1910 957 1960 rerum
983 1889 1117 1976 etiam,
1143 1888 1170 1961 st
1196 1913 1237 1958 ea

237 2004 326 2097 legis
343 2003 609 2097 praesumtione
631 2003 749 2073 adesse
772 2000 936 2072 habetur.
987 1999 1046 2069 De
1071 2000 1138 2071 hac
1165 2024 1236 2068 au-

240 2128 313 2189 tem
349 2118 561 2211 cognitionis
598 2116 813 2209 probatione
856 2134 944 2186 vera
956 2162 968 2202 ,
1005 2123 1114 2205 atque
1148 2115 1235 2208 legis
1270 2191 1274 2198 ,

238 2230 507 2325 praesumtione
525 2231 688 2324 sequenti
721 2234 737 2324 ᾗ
761 2228 938 2324 agendum
967 2228 1108 2297 erit.-—
1127 2227 1164 2297 N
1167 2252 1236 2297 unc

238 2356 361 2416 autem
396 2343 579 2416 rideamus
604 2344 778 2432 decusa,
805 2367 876 2438 quo
897 2343 1129 2434 assecuratio
1148 2356 1236 2436 post

239 2458 302 2528 rei
330 2458 531 2563 interitum
564 2457 624 2527 vel
630 2455 789 2548 felicem
814 2457 1017 2530 adventum
1041 2468 1237 2527 contracta

239 2582 297 2641 cat
309 2622 321 2661 ,
353 2572 596 2667 assecuratus
626 2581 752 2639 tamen
789 2572 851 2642 vel
877 2571 1118 2663 assecurator
1139 2572 1240 2640 illud

238 2683 446 2776 ignoravit.
496 2683 534 2753 si
577 2684 766 2777 principiis
811 2683 944 2754 nostris
975 2684 1233 2765 adhaeremus,
1326 2680 1329 2686 ’

237 2818 281 2865 ea
304 2798 519 2868 assecuratio
544 2798 647 2867 nulla
663 2807 739 2886 est,
766 2822 849 2868 cum
872 2799 1016 2870 nullum
1037 2798 1079 2867 fit
1094 2796 1147 2865 rei
1167 2818 1237 2885 pe·

151 2911 157 2923 “
237 2908 409 2978 riculum.
460 2908 629 2981 Vidimus
670 2913 766 2983 enim
811 2936 889 2982 rem
925 2912 1162 2981 assecuratam
1196 2908 1237 2977 iu
1283 2987 1286 2991 ⁴

235 3022 410 3117 periculo
438 3022 599 3113 versari,
624 3035 662 3093 at
676 3028 793 3120 salva
819 3037 894 3113 est,
927 3024 1081 3103 vidimus
1108 3022 1237 3090 incer-

239 3149 323 3206 tum
340 3137 413 3205 esse
437 3136 577 3226 casum,
602 3148 641 3207 at
664 3152 771 3211 certa
786 3119 1027 3215 nuncirerum
1041 3140 1209 3229 fortuna
1218 3148 1257 3222 ,·'

236 3251 395 3333 ‚vidimus
428 3248 584 3339 denique
614 3252 802 3343 futurum
829 3253 901 3322 esse
938 3237 1166 3343 periculum,
1197 3263 1236 3322 at

235 3363 495 3458 praeteritum
513 3373 580 3432 est.
631 3362 738 3435 Hanc
762 3367 872 3460 igitur
896 3366 942 3436 ob
964 3369 1119 3439 caussam
1140 3367 1237 3458 leges

236 3476 503 3585 antiquissimae
521 3476 819 3550 assecurationem
842 3479 1112 3573 rescindebant,
1142 3503 1237 3573 quae

236 3602 323 3683 post
347 3591 401 3662 rei
430 3592 618 3664 interitum
647 3594 706 3668 vel
725 3593 878 3683 ¹felicem
919 3596 1112 3672 adrentum
1139 3618 1236 3679 ‚con-2

124 3728 126 3732 ⁴
236 3712 352 3778 tracta
379 3717 459 3779 erat
482 3707 588 3803 (46).
1141 3707 1236 3780 Cum
1302 3734 1307 3767 τ

271 3869 341 3941 (46)
357 3874 402 3926 cf.
427 3872 472 3926 lut
495 3874 610 3928 Placeat
628 3873 796 3943 varmum
818 3878 857 3931 11.
881 3890 950 3932 runo
970 3877 1046 3940 ¹⁵63·
1083 3883 1169 3927 anan
1195 3871 1235 3926 11.

237 3951 289 4006 ct·
312 3966 352 4018 ις·
367 3955 433 4016 scae.
453 3971 479 4009 a.
503 3967 567 4026 pag.
588 3971 649 4027 ¹¹9·
664 3984 699 4000 -
719 3958 1233 4031 -1neunoneveudtttoneprincipium

238 4035 309 4094 iliad
324 4035 452 4100 sennua
469 4041 508 4099 cf.
527 4043 564 4101 c.
578 4039 617 4111 Ν.
635 4059 687 4108 arr.
704 4045 785 4116 1601,
903 4102 922 4123 N
