2970 5018
320 506 365 581 st
493 459 1141 574 ‘nurnnrcnro

319 715 510 809 praesumi.
561 715 680 784 Maris
700 715 810 806 igitur
835 707 944 806 atque
965 713 1104 783 itineris
1127 701 1316 800 pericula,

321 829 409 896 coeli
426 829 585 919 annique
597 837 814 917 tempestas,
841 827 1022 894 metuendi
1045 834 1235 895 ventorum
1245 822 1334 913 fla·-

320 952 379 1009 tus
404 953 512 1031 atque
542 941 721 1031 procellae
759 964 828 1031 pro
861 940 1008 1030 cognitis
1040 938 1211 1028 periculis
1246 935 1318 1005 live

321 1056 443 1123 damni
466 1044 596 1122 canaiis
613 1052 805 1122 habentur.
858 1053 915 1121 Sic
939 1053 1044 1120 etiam
1063 1074 1154 1142 quae
1180 1075 1226 1119 ex
1245 1075 1318 1140 po-

319 1169 418 1239 litica
452 1169 636 1238 civitatum
667 1167 873 1235 conditione
911 1167 1121 1234 derivantur
1155 1164 1319 1256 pericula

320 1289 358 1349 et
380 1279 582 1369 piratarum
613 1278 834 1347 incurfiones
863 1280 1084 1348 assecurator
1104 1278 1319 1369 praevidisse

318 1393 571 1485 praesumitur.
624 1389 727 1476 Quae
765 1403 883 1461 autern
923 1393 966 1459 de
985 1378 1065 1461 'hac
1107 1391 1319 1482 cognitionis

322 1505 589 1597 praesumtione
614 1505 787 1585 oriuntur
819 1505 1067 1596 quaestiones,
1105 1505 1232 1572 iudicis
1256 1527 1320 1571 ar·

320 1616 429 1691 bitrio
453 1619 534 1687 sunt
566 1618 710 1688 relictae
744 1629 781 1688 et
814 1619 1102 1710 iurisprudentia
1127 1617 1319 1689 illustram

319 1741 383 1804 tur
408 1731 517 1822 (45).

244 1926 247 1933 ,
370 1842 619 1914 Necessarium
647 1845 758 1937 igitur
792 1845 865 1913 esse
897 1843 1083 1928 videmus,
1113 1851 1321 1909 contractus

321 1957 499 2026 obiectum
521 1957 566 2026 ab
594 1969 748 2051 utraque
767 1971 871 2050 parte
891 1957 994 2049 posse
1018 1953 1222 2039 diiudicari,
1246 1977 1319 2044 quo

321 2073 391 2141 dici
433 2083 541 2162 queat
588 2074 876 2141 contrahentium
912 2069 1120 2139 consensum
1154 2066 1318 2135 adfuisse.

320 2182 404 2255 Hoc
422 2184 657 2253 fundamento
680 2186 810 2254 nititur
832 2186 918 2278 legis
937 2182 1097 2253 Gallicae
1114 2179 1319 2249 constitutio

270 2317 273 2322 '
317 2296 425 2376 'Art‘²
451 2299 523 2367 548
557 2299 835 2389 comprehensa,
870 2321 942 2390 qua
973 2297 1088 2365 omnis
1125 2293 1321 2363 dissimula·

317 2412 397 2500 tio,
423 2411 482 2481 vel
506 2411 591 2480 falsa
616 2411 807 2485 assecurati
831 2411 1049 2499 declaratio,
1070 2409 1129 2482 vel
1148 2407 1323 2481 differenv
1354 2465 1356 2469 ,

319 2525 372 2593 tia
408 2525 504 2595 inter
543 2525 719 2617 polizzam
760 2534 797 2594 et
830 2536 1187 2617 cognoscementum,
1231 2543 1323 2612 quac

319 2636 473 2730 periculi
499 2650 636 2708 metum
657 2641 854 2728 minuunt,
880 2640 939 2710 vel
969 2639 1124 2729 periculi
1143 2635 1321 2705 obiectum

321 2749 539 2838 immutant,
565 2754 865 2822 assecurationem
888 2751 1017 2824 vitiare
1037 2752 1215 2823 statuitur.
1242 2745 1323 2814 Ad-

322 2862 377 2930 dit
390 2871 510 2930 autem
521 2863 722 2956 legislator,
749 2867 1045 2936 assecurationem
1070 2883 1215 2954 quoque
1232 2860 1323 2927 nul-

322 2975 395 3045 lam
430 2977 526 3064 esse,
552 2975 636 3045 licet
660 2977 743 3046 data
775 2981 915 3049 damma
939 3002 1021 3047 oum
1045 2977 1111 3045 hac
1136 2973 1323 3042 reticentia

324 3109 401 3155 non
431 3088 656 3162 cohaereant.
708 3089 766 3159 Ad
790 3094 883 3161 hanc
915 3091 1026 3181 legem
1061 3087 1322 3157 observandum

325 3211 405 3288 est,
439 3224 514 3269 non
554 3225 698 3269 omnem
739 3203 1053 3274 disfimulationem
1096 3210 1324 3272 contractum
1365 3268 1368 3273 .

325 3313 470 3389 nullum
499 3313 671 3404 reddere,
699 3315 756 3383 sed
780 3339 859 3385 eam
884 3326 1050 3405 tantum,
1083 3339 1175 3407 quae
1198 3316 1324 3392 secun!

324 3428 413 3501 dum
444 3427 571 3497 iudicis
595 3429 805 3498 sententiam
828 3431 981 3520 periculi
1009 3431 1218 3522 opinionem
1249 3430 1322 3501 mi-

223 3547 226 3553 ’
320 3541 428 3632 nuit,
454 3541 576 3615 eiusve
596 3541 775 3613 obiectum
795 3543 963 3616 immutat
982 3544 1089 3640 (44).
1142 3544 1235 3614 Cum
1255 3566 1322 3615 ve·
1435 3609 1437 3613 ,

1277 3676 1410 3727 ΓΟ,

358 3832 428 3902 (43)
446 3853 582 3894 sineere
594 3843 655 3897 111.
671 3847 742 3909 Καρ.
762 3857 804 3898 10.
822 3841 936 3908 Abfctn.
958 3854 984 3896 r.
1001 3856 1060 3910 pag.
1080 3853 1139 3904 ¹3¹·
1156 3839 1232 3906 seqq.

341 3920 429 4060 d(34)
448 3934 488 3974 aa
504 3937 605 3982 roura
623 3941 650 3981 et
676 3941 816 3983 soucusn
848 3929 877 3982 in
900 3924 1143 3986 Naarmuvauu.
1172 3938 1232 3992 pag.
1257 3920 1319 3992 469,

325 4017 340 4066 e
393 4016 469 4066 ,tro
