2970 5018
390 473 1083 553 ussucuulronrs
1193 484 1240 575 75

244 695 477 790 „Lucrum”
507 702 550 760 ut
571 710 804 759 nunmeonus
830 690 949 781 inquit
983 688 1161 777 „incerto
1180 702 1241 761 at-

243 860 271 899 „
286 834 355 902 que
376 811 504 877 futuro
525 804 607 872 casu
626 803 774 894 regitur.
826 800 897 892 Spe
914 801 1032 892 igitur*
1045 810 1155 892 atque
1174 827 1240 871 co-
1305 820 1347 855 ‘-

242 922 453 1014 „gitatione
478 927 621 987 tentum
650 914 791 1001 existit,
818 913 876 982 sed
907 938 990 982 oum
1021 938 1096 984 non
1118 916 1157 984 in
1177 916 1241 1007 ip-

242 1085 269 1126 „
284 1037 319 1104 sa
354 1034 439 1104 navi
471 1030 537 1119 lit,
572 1025 825 1097 assecuratoris
862 1027 1025 1118 periculo
1064 1030 1240 1099 committi

242 1171 356 1236 „non
381 1153 512 1238 potest.
534 1179 578 1195 -·
606 1139 716 1208 Aliud
748 1139 888 1229 agitur,
924 1140 951 1209 li
990 1141 1133 1211 lucrum
1174 1166 1240 1213 ac-

240 1311 268 1351 „
283 1259 451 1352 quilitum
494 1265 572 1342 est,
612 1276 726 1343 eoque
761 1252 842 1322 casu
880 1254 946 1323 hac
975 1256 1238 1326 assecuratione

240 1372 472 1465 „mercatori
504 1392 579 1438 non
614 1365 853 1434 interdicitur.
906 1365 963 1435 Sic
994 1392 1031 1440 v.
1066 1394 1100 1461 g.
1137 1394 1238 1440 mer.

238 1536 266 1578 ‚,
280 1512 337 1559 ces
378 1487 424 1554 ad
460 1480 690 1552 Martinicam
733 1478 924 1548 destinatas
967 1505 1037 1573 pro
1070 1481 1171 1554 ebitu
1199 1495 1237 1554 et

238 1601 398 1689 „reditu
437 1595 483 1662 ed
524 1595 657 1680 50,ooo
696 1591 742 1662 fr.
780 1593 978 1663 assecurari
1015 1595 1113 1664 iusti.
1162 1597 1237 1665 Eas

238 1762 266 1803 ‚,
280 1721 423 1797 autem,
444 1730 527 1774 cum
549 1707 589 1774 in
607 1705 838 1774 Martinicam
851 1707 966 1776 essent
985 1720 1128 1798 vectae,
1150 1720 1238 1778 tan-

237 1836 358 1916 „tum
378 1822 508 1891 dedisse
525 1820 667 1889 lucrum
689 1821 777 1888 milri
797 1822 1010 1912 nuntiatur,
1032 1834 1074 1890 ut
1096 1823 1238 1903 reditu-,-

212 1993 216 1999 .
238 1936 461 2029 „reenavis
480 1955 762 2023 onere100,0oo
783 1932 830 2001 fr.
854 1919 1012 2004 volcentss
1058 1933 1141 2003 Hoc
1153 1939 1237 2007 calu

237 2051 384 2143 „etiam
419 2052 555 2137 5o‚ooo
590 2046 638 2115 fr.
676 2047 819 2114 lucrum
848 2046 1111 2119 'assecurationi
1133 2074 1237 2119 com-

237 2164 418 2255 „mittere
437 2162 545 2250 licet,
568 2159 753 2253 quiaillud
772 2160 981 2253 acquifitum
992 2165 1072 2233 est''
1084 2163 1171 2257 (45).
1185 2202 1234 2217 --
1365 2166 1368 2172 ’

235 2278 329 2346 Cum
356 2278 466 2369 igitur
491 2283 576 2366 post
605 2283 792 2365 acceptum
822 2276 993 2346 nuntium
1027 2278 1111 2346 talis
1139 2278 1236 2345 asle-

141 2388 144 2396 ’
236 2391 377 2460 curatio
417 2388 514 2456 licite
554 2385 621 2476 lit,
665 2410 793 2479 quare.
818 2400 1018 2478 mercator,
1059 2391 1123 2481 qui
1163 2389 1236 2457 tale

235 2504 379 2572 lucrum
411 2508 597 2590 expectat,
627 2501 703 2569 eius
726 2512 845 2570 temen
869 2503 1002 2571 certior
1024 2502 1139 2568 factus
1159 2523 1235 2568 non

237 2626 312 2703 est,
332 2615 475 2683 lucrum
494 2610 585 2680 illud
607 2635 649 2680 eo
673 2617 755 2685 casu
778 2615 974 2684 assecurari
996 2611 1247 2705 prohibetur„
1304 2628 1309 2638 ·

238 2752 311 2821 quo
335 2717 461 2797 rovere
485 2724 682 2797 extitisset?
874 2726 876 2735 ’
1171 2736 1173 2741 ’

288 2840 464 2928 Quamvis
484 2838 618 2930 igitur,
643 2838 741 2907 huno
765 2835 874 2907 finem
896 2861 971 2907 non
988 2838 1234 2932 attendentes,

236 2952 330 3045 leges
351 2953 512 3024 Gallicae
531 2952 663 3045 sperati
685 2952 778 3021 lucri
788 2953 1084 3025 assecurationem
1105 2955 1237 3049 prohi-

236 3065 368 3154 beant,
404 3069 488 3135 illae
517 3076 637 3137 tamen
653 3067 751 3135 hanc
774 3066 1054 3159 prohibitionem
1074 3093 1151 3139 non
1175 3070 1235 3139 sa-
1302 3134 1305 3138 ,

144 3182 148 3193 ’
238 3179 285 3245 tis
314 3179 409 3246 tueri
439 3179 621 3252 videntur.
682 3179 775 3249 Cum
806 3183 902 3250 enim
937 3183 1234 3252 assecurationem

190 3310 194 3323 ‘
237 3291 490 3359 contrahentes
518 3315 575 3361 res
606 3296 824 3364 assecuratas
852 3297 1039 3365 aestimare
1071 3296 1233 3389 poslint‚

167 3478 173 3493 ,
239 3405 341 3494 lbepe
363 3399 426 3489 fit,
450 3412 494 3470 ut
515 3405 655 3494 addito,
680 3408 777 3500 quod
789 3408 1022 3500 sperabatur,
1035 3408 1138 3478 lucro
1156 3431 1236 3477 em-

237 3516 345 3586 tionis
379 3513 517 3601 valori,
561 3515 680 3607 legum
712 3520 951 3610 prohibitioni
990 3521 1060 3589 sese
1091 3520 1236 3588 subtra-
1271 3558 1274 3565 ·

237 3630 328 3700 hant
353 3627 444 3722 (44).
480 3625 581 3697 Haec
609 3637 730 3698 autem
758 3633 955 3703 aestimatio
988 3632 1237 3702 contrahenti·
1341 3628 1346 3635 ’

1166 3743 1237 3815 bus

275 3934 344 4003 (42)
362 3934 412 3991 Cb.
430 3938 465 3997 8,
482 3936 550 3989 Sect.
569 3926 609 4001 9.'

275 4020 345 4090 (44)
361 4021 490 4079 Voorrnta
506 4037 559 4076 ran
577 4019 625 4076 tet
642 4019 788 4087 Oatwaerp,
804 4032 865 4090 pig,
883 4033 911 4088 ³·
1004 4013 1013 4025 *
