2970 5018
365 468 1076 555 assncuRATORIs
1192 480 1239 582 1s

243 729 316 804 qua
348 700 581 797 extrinsecus
612 698 798 770 mercibus
837 699 898 772 vel
939 699 1029 771 navi
1062 700 1244 773 domnum

243 822 397 890 accidit.
454 819 482 887 s
485 819 664 891 avendum
688 823 808 882 autem
837 823 917 899 est,
952 812 1041 880 fide
1063 816 1244 887 assecura-

240 935 351 1004 tionis
372 931 509 1002 obiecto
532 930 744 1024 quaeritur,
770 949 816 995 ne
837 949 913 993 rem
926 925 1241 1016 ipsamapericnlo
1317 988 1320 996 .

217 1084 221 1095 ·
241 1047 490 1134 secernamus,
515 1042 631 1134 deque
651 1063 693 1108 ea
722 1037 795 1107 sola
826 1038 1031 1131 cogitemus.
1067 1040 1240 1134 Etenim,

240 1159 490 1253 fipericulum
513 1167 550 1226 et
580 1178 638 1223 res
661 1153 737 1243 ipsa
764 1175 786 1220 a
814 1152 849 1221 se
882 1151 1036 1221 invicem
1059 1152 1242 1225 divellan-

238 1283 324 1361 tur,
352 1298 418 1342 neo
437 1270 640 1363 periculum
662 1290 728 1358 per
749 1266 808 1353 se,
835 1289 900 1335 nec
922 1265 997 1334 fola
1019 1289 1077 1335 res
1096 1269 1244 1339 assecu-

187 1405 189 1408 ‘
240 1387 393 1455 rationis
415 1384 592 1452 obiectum
614 1379 683 1448 dici
701 1389 847 1470 potest3
873 1402 910 1452 v.
933 1403 988 1472 gr.
1010 1382 1240 1473 periculum,

242 1498 340 1589 quod
369 1521 391 1564 a
423 1491 716 1585 tempestatibus,
756 1492 938 1585 scopulis,
971 1493 1098 1584 piratis
1131 1507 1242 1588 atque
1282 1588 1285 1593 Ι

242 1607 417 1675 incendiis
440 1607 641 1694 metuitur,
668 1606 737 1674 dici
763 1629 838 1674 non
863 1612 984 1696 potest
1005 1607 1246 1677 assecuratio*

242 1719 300 1788 nis
322 1717 524 1807 obiectum,
549 1717 615 1787 nifi
636 1739 692 1790 res
716 1710 889 1810 quaedam
913 1716 979 1808 ipfi
1003 1719 1159 1790 subiecta
1182 1721 1270 1803 fio,
1364 1759 1367 1766 ·

239 1828 313 1899 Res
343 1841 461 1907 autem
473 1879 484 1918 ,
521 1831 677 1922 periculi
708 1832 850 1900 ratione
882 1854 958 1899 non
985 1829 1131 1922 habita,
1169 1833 1241 1928 ob-

240 1948 373 2016 iectum
403 1945 473 2013 dici
501 1970 576 2015 non
604 1957 724 2038 potest
747 1945 1044 2034 assecurationis,
1070 1970 1153 2016 cum
1175 1972 1241 2019 re-

239 2084 326 2131 vera
348 2060 460 2150 ipfius
481 2059 636 2150 periculi
659 2059 839 2130 obiectum
861 2058 914 2128 fit.
964 2058 1023 2127 Ex
1047 2063 1240 2133 coniuncta

238 2175 347 2266 igitur
371 2172 524 2264 periculi
557 2183 593 2241 et
624 2176 677 2241 rei
699 2175 915 2266 cogitatione
937 2171 1116 2244 obiectum
1140 2178 1239 2246 asse-

220 2285 438 2385 curationis
466 2288 609 2375 oritur,
634 2287 772 2380 dequo
794 2288 1042 2378 assecuratus‚
1069 2288 1237 2381 stipulato

239 2401 401 2490 praemio
421 2424 501 2468 cum
525 2386 767 2471 assecuratore
782 2403 996 2495 paciscitur.

193 2532 196 2536 ·
291 2512 400 2600 Quod
422 2513 620 2605 defuturo
640 2527 677 2585 et
705 2517 849 2587 incerto
879 2511 1044 2606 periculo
1068 2512 1168 2598 dixi,
1192 2536 1238 2584 ex

237 2625 282 2694 iis
298 2624 535 2718 intelligitur,
562 2653 654 2720 quae
677 2631 720 2699 de
743 2626 1016 2698 assecurationis
1043 2636 1175 2694 nat-ura
1202 2636 1239 2698 et
1283 2704 1286 2708 ,

228 2726 446 2809 ¹definitione
479 2741 754 2833 disputavimus.
807 2740 931 2810 Huius
962 2739 1057 2807 enim
1084 2740 1239 2830 periculi

238 2853 435 2923 aestimatio
448 2863 502 2922 est
523 2855 720 2922 aestimatio
741 2852 851 2944 ipfius
872 2852 994 2921 damni
1015 2852 1053 2922 in
1066 2863 1238 2924 eventum

237 2967 427 3052 exstituri‚
468 2967 526 3036 sed
565 2968 669 3036 cuius
702 2967 821 3060 pretio
851 2966 1051 3058 plurimum
1082 2968 1238 3036 detrahit

238 3079 396 3149 incertus
416 3082 557 3151 itineris
584 3092 759 3168 eventus3
786 3081 843 3152 vel
868 3103 1012 3173 quoque
1037 3081 1253 3151 aestimatio‘

239 3192 337 3282 spei,
364 3195 492 3265 scilicet
512 3195 623 3289 ipfius
646 3197 701 3266 rei
723 3195 781 3267 vel
808 3193 984 3263 commodi
1004 3194 1043 3262 in
1064 3207 1235 3266 eventum

237 3305 487 3395 percipiendi*²
521 3311 578 3380 sed
612 3311 715 3381 cuius
738 3314 898 3401 pretium
933 3311 1071 3378 incerto
1101 3317 1237 3379 eventu

238 3416 341 3487 valde
360 3417 599 3511 imminuitur.
654 3423 773 3517 Atque
802 3424 889 3494 hinc
910 3423 1096 3511 videmus,
1126 3441 1236 3512 quam

237 3527 403 3599 accurate
423 3538 689 3628 onor1us(55)
722 3549 758 3606 et
780 3537 886 3606 multi
912 3546 996 3626 post
1017 3558 1105 3602 eum
1128 3535 1234 3600 dixe-

235 3643 336 3732 rint,
365 3645 551 3712 materiam
576 3641 847 3717 assecurationis
875 3651 1057 3720 domnum
1074 3646 1147 3715 esse
1158 3643 1236 3740 sub

237 3759 387 3830 ratione
410 3758 559 3829 incerti.
1029 3802 1031 3806 ν

325 3881 337 3920 t
1105 3880 1110 3887 ·
1173 3855 1234 3930 Ex

272 3988 340 4059 (35)
359 3989 382 4044 1.
400 3991 432 4046 B.
452 3991 519 4048 ac?
549 3991 585 4046 11.
604 3987 674 4057 Cap.
691 3999 739 4047 ια.Ι
761 3988 774 4054 ς
795 4001 838 4052 ¹3·
905 4004 908 4009 ¹
