2970 5018
384 454 1065 536 ussuorunnuonm.
1183 471 1266 577 69·

237 677 290 745 dis
310 663 584 748 inserviendum
599 675 673 744 esse
705 674 850 764 statuit,
885 677 1119 767 rogavitque,
1144 700 1233 748 num
1311 668 1313 671 ¹

166 860 170 869 Δ
238 791 406 860 Politices
430 792 541 879 esset,
569 789 706 857 Gallos.
725 791 764 857 in
785 789 902 878 patria
924 787 969 856 ab
986 789 1151 858 ineundis
1171 814 1234 858 us-

232 903 520 990 secuoationibua
550 903 760 988 retinuisse,
789 923 878 991 quus
910 901 950 968 in
980 900 1061 968 aliis
1083 902 1235 973 civitati·

238 1017 306 1085 bus
348 1017 425 1086 fere
472 1015 640 1084 omnibus
664 1014 899 1105 ‘contrahere
939 1015 1085 1103 possent
1123 1014 1230 1106 (55).

115 1174 118 1183 ·
239 1130 402 1199 Maxime
430 1130 527 1197 enim
552 1126 695 1196 videtur
723 1124 986 1214 dubitandum,
1019 1149 1067 1194 an
1087 1125 1234 1195 fraudes

143 1245 151 1268 ⁸
237 1242 296 1309 hio
313 1242 400 1310 adeo
435 1238 736 1332 pertimescendae
763 1238 854 1322 fint,
890 1247 931 1305 ut
950 1248 1144 1329 propterea
1171 1264 1235 1308 as-

239 1356 446 1442 securatio,
485 1352 695 1442 ceteroquin
727 1352 952 1438 utilissima,
991 1364 1232 1430 mercatorum

238 1470 331 1538 votis
360 1467 528 1557 denegari
561 1463 698 1532 debeat.
750 1464 881 1533 Nonne
908 1467 1099 1536 conventio
1112 1489 1141 1556 ,·
1161 1490 1234 1558 que

216 1556 339 1650 N‘omni
359 1603 483 1648 rerum
504 1587 636 1648 eventu
663 1577 813 1646 naulum
838 1579 1046 1650 solvendum
1077 1581 1149 1649 esse
1169 1580 1229 1649 sti·

239 1693 414 1784 pulatur,
448 1693 589 1761 eosdem
619 1689 725 1760 habet
754 1689 937 1762 effectus?
987 1691 1113 1782 Quae,
1149 1718 1234 1764 cum

241 1829 308 1874 neo
328 1806 403 1897 lege
430 1794 613 1898 prohibita
647 1827 713 1873 neo
734 1802 894 1872 lotorum
919 1805 1092 1875 sententia
1110 1807 1234 1878 illicita

240 1919 440 2008 habeatur,
474 1933 550 1988 'non
578 1918 780 2012 perspicio,
818 1942 929 2009 quare
959 1919 1112 1989 faciendi
1133 1922 1235 1991 nauli

239 2032 533 2103 assecurationem
559 2030 821 2123 prohibendam
843 2032 915 2100 esso
936 2031 1091 2104 statuant
1124 2035 1230 2128 (56).

287 2145 398 2215 Recte
420 2147 532 2238 igitur
552 2144 688 2240 legibus
708 2146 834 2235 patriis
857 2170 898 2215 ac
920 2147 1110 2240 specimine
1131 2149 1231 2219 laud.
1329 2214 1335 2225 ,

238 2259 424 2328 admissam
457 2258 566 2327 fuisse
600 2257 752 2326 faciendi
791 2260 891 2329 nauli
934 2261 1233 2331 assecurationem

239 2371 321 2438 satis
344 2350 436 2440 mihi
453 2368 705 2439 demonstrasse
727 2371 851 2442 videor
874 2374 980 2466 (57).
1031 2373 1139 2462 Quod
1160 2398 1233 2443 au-

238 2492 310 2550 tem
334 2481 507 2552 diversam
539 2483 713 2552 rationem
737 2485 888 2574 attinet,
915 2509 986 2576 qua
1003 2509 1045 2552 ea
1065 2487 1231 2556 contrahi

191 2631 194 2641 ·
239 2604 359 2685 potest
388 2592 523 2684 (bruto
555 2618 600 2664 eo
633 2608 736 2666 netto
769 2597 1169 2690 vraohtverzekering)
1196 2611 1232 2673 et

238 2708 410 2797 modum,
441 2730 514 2797 quo
547 2708 586 2777 in
608 2710 682 2780 dati
703 2711 825 2780 damni
838 2711 1077 2780 ¹resarcitione
1095 2713 1232 2790 versari

239 2820 454 2907 debeamus,
475 2842 517 2888 ea
536 2819 582 2889 ab
607 2821 758 2893 instituti
777 2821 848 2892 mei
870 2823 1009 2894 rationo
1031 2824 1148 2895 aliena
1170 2828 1231 2901 vi·-

238 2934 370 3007 dentur
395 2933 501 3031 (aa).

274 3435 343 3505 (35)
361 3437 470 3502 Analysc
486 3440 550 3504 reis.
566 3427 615 3495 dei
626 3442 695 3496 Tru.
712 3444 732 3498 1.
747 3446 825 3513 supra
840 3445 861 3501 1.

273 3523 342 3589 (3⁶)
369 3520 441 3574 ld‘m
462 3521 506 3574 ΜΕ
531 3525 639 3587 V⁸l⁰²t2
669 3529 741 3593 quod
763 3530 797 3582 do
818 3531 868 3582 hac
883 3525 1061 3582 conventione
1076 3537 1226 3579 vnuuusz

237 3610 280 3664 La
295 3610 397 3662 oraim
411 3607 476 3657 d'on
491 3607 569 3658 crime
587 3621 619 3659 ne
635 3609 691 3661 doit
702 3620 751 3678 pas
765 3612 896 3679 emptcher
911 3613 943 3663 de
953 3611 982 3675 sc
997 3611 1066 3660 tenir
1082 3623 1137 3661 aaa
1150 3607 1232 3676 riglct

237 3692 430 3761 1e1ajust1ca.
598 3674 601 3695 '

272 3778 340 3846 (37)
365 3781 429 3833 snt.
449 3775 524 3832 Aust
550 3787 599 3832 an.
616 3785 657 3838 ις.
673 3797 709 3814 -
734 3788 766 3826 v.
780 3788 812 3828 o.
830 3788 973 3837 atzam,
997 3773 1039 3830 th.
1062 3787 1128 3842 717.
1151 3780 1230 3849 aaa

235 3875 264 3917 et
283 3865 373 3918 statuta
389 3861 428 3916 ibi
443 3861 473 3916 11.
490 3888 524 3904 -
536 3862 613 3928 Spec.
631 3871 680 3913 an.
697 3871 759 3923 513.
782 3888 784 3893 ,

269 3945 338 4016 (38)
364 3961 519 4012 inuncti,
540 3943 563 4000 1.
581 3942 651 4014 Καρ.
674 3955 698 3996 ι.
717 3941 830 4006 Absenti.
848 3955 876 4012 7.
895 3957 954 4014 pag.
972 3942 1009 4000 60
1023 3943 1099 4020 seqq.

697 4047 777 4122 Fo
