2978 5016
257 433 949 559 Ass'nouanroms.
1055 479 1103 560 41‘

159 686 318 790 Propter
344 700 531 790 inopinata
551 699 638 768 haec
668 698 755 767 belli
796 696 889 765 mala
918 697 1109 767 invaluisse

112 813 254 882 ridetur
272 813 450 901 clausula,
477 813 611 905 quade
627 811 806 902 praemio
825 812 997 902 augendo
1019 834 1109 877 con-

112 926 288 1014 ueniunt,
305 923 345 1014 st
368 925 507 995 bellam
527 923 729 1017 exarserit.
781 921 819 990 si
851 945 894 991 ea
924 922 1109 1014 stipulatio

77 1100 84 1105 .
110 1040 254 1129 polizza
271 1040 503 1127 continetur,
530 1037 587 1105 sed
615 1036 866 1104 contrahentes
886 1047 1017 1104 certam
1040 1059 1110 1126 pe-

113 1151 241 1221 cuniae
271 1153 445 1221 summam
472 1174 548 1218 non
581 1147 845 1238 definiverunt,
879 1149 972 1218 illud·
1000 1146 1106 1219 Art0.

111 1265 184 1334 545
216 1265 382 1335 iudicum·
417 1262 630 1357 prudentiae
663 1263 882 1357 relinquitur
908 1263 1007 1355 (72),
1152 1256 1154 1263 ’

88 1360 94 1377 ’
161 1378 204 1448 In
222 1402 351 1472 genere
371 1379 481 1471 igitur
501 1376 625 1467 regula
651 1376 774 1468 valet,
797 1378 998 1469 praemium
1017 1376 1108 1445 inito

114 1502 305 1562 contractu
335 1497 458 1581 'neque
488 1490 722 1559 minuendum
757 1488 875 1584 neque
906 1490 1110 1582 augendum

111 1607 186 1674 csse
198 1655 209 1692 ,
242 1627 324 1671 curn
364 1604 471 1671 etiam
509 1603 688 1693 inopinati
714 1603 814 1672 casus
845 1603 1110 1672 assecuratione

90 1700 477 1806 comprehendantur,
529 1713 608 1784 Sed'
628 1715 673 1784 ab
702 1739 744 1784 ea
774 1716 899 1809 regula
916 1717 975 1786 lex
1007 1716 1109 1786 Galla

113 1827 217 1900 Art0.
244 1829 316 1898 556
351 1829 598 1921 exceptionem
629 1829 726 1899 fecit.
776 1828 815 1898 Si
848 1831 944 1899 enim
975 1852 1110 1900 meroes

114 1967 190 2011 uno
221 1943 382 2033 praemio
414 1965 483 2034 pro
515 1941 617 2011 abitu
645 1954 682 2012 et
714 1944 831 2013 reditu
865 1944 981 2037 (quod
1015 1943 1110 2011 Gal·

110 2056 178 2124 lice
201 2054 228 2123 ὰ
245 2054 376 2145 prime
397 2056 468 2124 ttae
488 2055 642 2148 dicitur)
665 2057 884 2126 assecuratae
909 2059 1017 2147 sunt,
1039 2081 1112 2126 na-

113 2169 168 2239 vis
200 2178 322 2236 autem
361 2167 523 2237 reditura
557 2169 614 2240 vel
643 2172 789 2239 omniuo
820 2170 878 2241 rel
900 2193 970 2262 pro
1005 2177 1110 2260 parte

111 2280 285 2349 mercium
307 2303 416 2350 onere
435 2290 561 2370 vacat,
580 2281 672 2350 duae
690 2293 833 2353 tantum
850 2283 979 2352 tertiae
998 2301 1111 2373 prae·

112 2393 178 2462 mii
210 2387 354 2482 partesJ
389 2416 460 2483 pro
498 2404 577 2463 rata
610 2395 718 2465 debiti
749 2405 997 2488 computatae,
1031 2390 1108 2480 lege

113 2504 374 2575 conceduntur.
388 2545 437 2558 -
458 2502 559 2576 Haec
579 2511 741 2601 exceptio
762 2510 805 2578 de
824 2503 1000 2575 mercibus
1022 2513 1111 2570 tan-

113 2627 193 2686 tum
225 2617 343 2707 valet,
380 2617 425 2687 ad
460 2645 587 2693 narem
623 2633 746 2692 autem
779 2643 855 2688 non
895 2627 950 2686 est
977 2625 1109 2685 exten-

114 2731 241 2799 denda.
426 2823 428 2827 μ

162 2843 241 2912 Lex
266 2839 405 2912 Gallica
435 2828 585 2936 antiqua
613 2843 717 2914 Art0.
745 2845 791 2933 6,
825 2844 881 2913 uti
911 2842 1017 2913 etiam
1049 2841 1109 2911 lex

115 2953 224 3025 Amst.
248 2957 349 3029 Art0.
374 2960 452 3051 57,
483 2957 685 3049 praemium
711 2968 873 3049 tempore
907 2966 1109 3026 contractae

113 3071 385 3140 assecurationis
416 3071 625 3143 solvendum
665 3072 737 3140 ease
767 3069 949 3141 iubebant.
1000 3069 1108 3138 Hanc

113 3194 236 3250 tamen
267 3183 552 3254 constitutionem
582 3208 700 3278 neque
721 3186 761 3253 in
786 3185 906 3254 codiee
923 3183 1020 3253 Gall.
1039 3205 1109 3250 ne-

100 3275 187 3386 ¹que
217 3294 257 3360 in
292 3293 388 3362 laud.
416 3299 607 3388 specimine
629 3297 818 3392 repetitam
839 3299 912 3367 esse
933 3296 1106 3368 ridemus.

115 3408 171 3476 Ea
202 3406 320 3494 enim,
346 3406 412 3474 nifi
431 3409 473 3476 fit
491 3413 729 3500 prohibitiva,
750 3411 888 3481 nullam
907 3408 1014 3499 plane
1034 3407 1109 3477 vim

112 3519 244 3607 habet,
289 3540 369 3586 cum
410 3519 603 3593 iocundum
645 3524 737 3592 iuris
768 3522 883 3593 civilis
917 3528 1110 3611 praecepte

115 3640 298 3703 contracta
338 3627 457 3699 debita
486 3629 602 3704 statim
646 3633 740 3727 exigi
775 3632 912 3726 poefint
924 3679 937 3718 ,
969 3629 1034 3702 ubi
1065 3628 1109 3696 de

562 3767 565 3773 ’
1026 3762 1110 3822 ⁶0²²!

11 4064 18 4071 ·
116 3992 120 3997 ·
151 3980 220 4053 672)
237 3983 318 4039 Conf.
339 3994 388 4038 nrt.
407 3983 487 4052 spec.
504 3992 568 4049 525.
