2970 5018
119 378 123 383 ⁵
252 435 299 508 14
461 427 558 500 un
607 426 1040 503 eua1cuno

248 646 325 718 ium
349 644 485 736 incepti
507 643 650 713 itineris
668 642 812 714 cursum
831 645 1038 734 continere,
1066 643 1248 727 sedetiam

171 785 173 788 ·
249 755 438 831 novi'sfime
458 758 502 826 de
522 758 566 825 iis
586 767 773 848 acceptum
794 760 964 828 nuntium
982 760 1251 829 communicare

247 873 364 942 debet.
403 872 564 941 Eandem
589 871 680 941 iuris
703 872 992 943 constitutionem
1016 869 1105 941 Stat.
1131 871 1244 943 Amst.
1323 904 1328 914 ·

246 987 336 1058 anni
357 986 449 1076 1744
464 1035 475 1073 ,
489 981 593 1052 Art0.
604 987 651 1074 5,
671 984 839 1075 exhibet,
863 996 900 1054 et
910 987 1057 1078 insuper
1068 987 1245 1078 requirit,

245 1110 289 1170 ut
316 1099 457 1189 polizze
483 1106 627 1188 tempus
654 1097 812 1186 iudicet,
839 1121 911 1189 quo
938 1101 1040 1168 nevis
1069 1098 1247 1169 anchoras

242 1212 396 1302 tulerit,
434 1210 573 1280 sublata
606 1211 675 1280 hoc
706 1213 790 1282 casu
812 1212 1097 1281 assecuratorum
1124 1212 1245 1281 facul-

243 1337 343 1415 tete,
382 1347 454 1416 que
487 1323 803 1394 indeterminatum
836 1325 1071 1417 profectionis
1087 1337 1245 1421 tempus

245 1438 455 1507 assecurati's
473 1438 734 1524 concederent3
763 1462 870 1530 quem
885 1449 1006 1509 tamen
1017 1441 1159 1532 antiqui
1180 1441 1245 1511 iu·

243 1553 296 1622 ris
323 1553 479 1644 rigorem
512 1550 648 1623 statuti
676 1552 862 1644 ampliatio
895 1555 983 1622 anni
1016 1552 1110 1645 1775
1142 1555 1245 1622 miti-

179 1738 185 1753 ,
243 1665 340 1758 gesse
360 1666 506 1747 videtur
531 1666 637 1760 (29).
660 1704 710 1718 -
735 1662 818 1734 Alie
837 1668 944 1736 etiam
964 1667 1051 1759 legis
1068 1666 1245 1737 cunstitu-
1283 1694 1285 1698 ·

243 1779 295 1848 tio
315 1778 388 1850 huc
417 1780 598 1872 pertinet,
626 1801 719 1871 quae
740 1779 884 1866 locum,
910 1781 1134 1849 undenario
1169 1782 1243 1851 sol·-

244 1891 370 1982 vitur,
409 1892 485 1962 non
518 1893 562 1963 de
592 1893 662 1964 hoc
697 1902 840 1962 uantum
874 1891 1146 1982 intelligendum
1168 1894 1245 1963 esse

240 1989 374 2094 docet,
412 2006 470 2076 sed
506 2007 584 2076 eius
619 2004 873 2100 fignificatione
906 2027 1029 2075 omnes
1063 2006 1242 2098 contineri

239 2115 431 2208 stationes,
458 2119 615 2210 pharos,
641 2119 736 2188 freta
762 2130 799 2189 et
828 2120 925 2214 ligna
937 2170 953 2208 ,.
976 2141 1067 2210 quae
1089 2119 1180 2189 voda
1202 2130 1242 2191 et
1327 2142 1336 2155 ·

240 2228 366 2304 brevic
399 2231 571 2301 indicant.
623 2232 679 2302 Ea
710 2234 807 2303 enim
842 2233 950 2326 vulgo
972 2232 1051 2301 loca
1079 2234 1240 2301 circum-

238 2344 391 2416 iacentia
413 2346 610 2434 dicuntur,
636 2366 729 2436 quae
758 2347 803 2415 ad
823 2358 1049 2417 mercaturae
1076 2371 1241 2417 commo-

235 2459 396 2530 dumet
427 2461 577 2531 navium
605 2459 797 2529 utilitatem
831 2462 915 2531 sunt
946 2460 1108 2531 institute
1135 2462 1239 2531 etad

236 2575 394 2665 emporii
416 2575 587 2644 ditionem
619 2573 804 2664 pertinere
829 2578 1032 2646 censentur.
1084 2576 1243 2644 Polizzis

239 2682 354 2776 igitur
382 2687 511 2757 usitata
541 2685 649 2757 dictio
681 2697 736 2756 est
765 2711 812 2756 on
840 2689 887 2757 de
908 2687 1238 2759 circumiacentien

237 2821 312 2870 ran
332 2799 420 2867 dien
446 2801 557 2893 (50).

286 2909 367 2980 Lex
387 2921 536 3002 nostra,
562 2915 600 2982 in
619 2915 840 2986 recensendis
852 2915 1012 3006 polizzae
1034 2911 1211 3002 requifitis
1222 2960 1238 3002 ,

122 3038 131 3050 ·
235 3022 421 3091 mercium
452 3024 511 3094 vel
541 3050 673 3097 rerum
706 3033 1016 3123 aoficuratarum
1052 3036 1236 3095 naturam

235 3146 346 3227 atque
368 3136 555 3227 indolem,
586 3163 758 3214 earumve
786 3142 953 3215 valorem
974 3139 1235 3213 aestimandum

210 3320 216 3331 ,
234 3250 307 3317 esse
316 3251 512 3342 praecepit.
539 3251 660 3321 Facile
679 3255 798 3345 enim,
823 3264 998 3345 quantum
1017 3276 1087 3345 pro
1097 3253 1235 3327 diverse

233 3363 420 3435 nuceium·
441 3374 576 3437 natura
601 3366 758 3460 periculi
784 3368 940 3462 gravitas
962 3367 1105 3440 differat
1117 3417 1129 3460 ,
1165 3390 1236 3437 ex-

1170 3504 1232 3560 112

266 3753 335 3821 (29)
358 3771 391 3813 v.
407 3770 438 3815 n.
458 3773 602 3824 nauseet,
620 3761 660 3817 th.
676 3773 747 3828 725,
765 3776 828 3830 727.

263 3840 334 3904 (30)
350 3857 383 3896 v.
401 3857 431 3900 n.
449 3859 592 3908 xersen,
624 3846 664 3902 th.
681 3862 744 3917 735·
774 3862 952 3912 utinum.
977 3847 1012 3905 t.
1030 3847 1055 3904 1.
1076 3842 1149 3922 triv,
1166 3857 1231 3917 pet·

232 3931 283 3989 57}
301 3922 375 3992 seqq·
391 3939 419 3981 et
435 3930 670 3998 pag·601-602.
