2970 5018
326 482 1085 587 ·assncuuar0n1s
1193 455 1252 584 97

237 708 309 790 ta,
334 697 668 790 merces'vectigali
683 695 855 767 lubieotas
882 694 1011 765 furtim
1040 696 1239 789 importat,

244 813 271 883 fi
295 838 316 881 a
329 813 444 882 'cursu
466 811 622 879 deflectit
641 821 677 879 et
696 809 767 877 alia
789 809 897 877 litora
915 809 1030 899 petit,
1055 809 1151 878 unde
1173 835 1237 880 ar·-
1261 814 1266 831 ’

244 936 340 994 rosta
363 936 399 994 et
416 920 486 992 alia
502 923 678 993 eiusmodi
698 921 922 991 incommoda
940 920 1125 1012 profluere
1145 928 1236 1014 pos-

244 1039 338 1110 sunt.
389 1037 476 1107 Huc
497 1036 726 1105 referendum
746 1036 853 1103 ctiam
869 1033 1043 1104 navarchi
1067 1032 1209 1104 facinus
1223 1032 1255 1125 ,''
1360 1076 1362 1082 ·
1445 1094 1449 1101 ,

244 1151 271 1221 fi
310 1161 457 1243 accepta
502 1150 678 1241 pecuniae
715 1147 850 1216 summa
884 1169 1013 1216 navem
1054 1170 1237 1220 mercesve
1270 1158 1273 1165 '

244 1265 340 1336 hosti
357 1265 526 1352 tradidit3
563 1253 691 1332 fidatt
716 1285 830 1353 opera
851 1283 979 1331 navem
1000 1260 1157 1351 perdidit
1179 1260 1238 1353 vel
1271 1297 1279 1322 ·

242 1379 333 1448 saxis
356 1378 502 1465 iniecit,
530 1387 572 1444 ut
596 1398 726 1445 merces
755 1373 839 1442 inde
868 1373 1036 1442 deductas
1065 1371 1130 1440 fibi
1150 1374 1237 1444 vin-

219 1492 388 1561 dicaret.
443 1489 572 1559 Omnis
597 1490 747 1558 tandem
780 1469 870 1556 mala
883 1485 979 1555 tides
1009 1487 1048 1554 in
1078 1468 1251 1555 admini?
1355 1580 1358 1585 .

242 1604 391 1674 iirandis
414 1604 500 1673 navi
522 1614 559 1673 et
580 1602 782 1690 mercibus,
811 1624 918 1692 quam
943 1611 1071 1670 contra
1092 1600 1232 1668 exerci-

242 1729 358 1786 torem
379 1728 415 1786 et
435 1729 661 1787 oneratorem
684 1715 886 1786 navarchus
919 1713 1129 1802 committit,
1157 1712 1229 1782 ba-

241 1818 395 1905 ratariae
415 1831 560 1900 nomine
584 1830 802 1899 continetur.

166 1983 169 1987 ·
292 1942 336 2012 In
357 1944 454 2015 vitiis
478 1955 599 2014 autem
622 1954 659 2012 et
684 1941 894 2030 erroribus,
921 1941 1028 2032 culpa
1052 1939 1231 2029 admissis,

240 2058 364 2127 eadem
385 2057 590 2148 diverfitas,
619 2057 766 2148 quaein
786 2055 870 2148 ipfis
889 2040 1061 2127 nauarchi
1084 2050 1235 2142 officiis,

240 2171 390 2242 obtinet.
441 2170 513 2262 Ipfi
537 2170 639 2242 navis
662 2171 874 2264 gubernatio
908 2180 944 2239 et
965 2170 1139 2239 mercium
1159 2174 1232 2236 'cu-

228 2298 284 2354 'ra
299 2283 498 2376 incumbit,
524 2302 653 2355 navem
684 2294 876 2354 nautarum
905 2282 1010 2376 copia
1034 2283 1232 2373 ceterisque

240 2399 470 2467 armamentis
498 2397 675 2467 instruere
687 2449 700 2488 ,
727 2409 788 2488 et,
814 2399 880 2469 nifi
903 2408 1097 2472 ventorum
1122 2395 1234 2464 refla-

241 2519 285 2579 tu
304 2510 546 2602 impediatur,
582 2511 663 2580 vela
690 2513 850 2604 pandere
881 2523 918 2581 et
946 2511 1030 2578 data
1052 2508 1253 2577 occaliono

188 2647 193 2652 ·
241 2623 318 2691 frui
345 2633 524 2694 tenetur·¹
554 2619 657 2709 Quae
684 2648 730 2694 ex
762 2625 964 2694 officiorum
995 2621 1234 2705 inobservan·
1267 2654 1272 2667 ·

240 2737 292 2804 tia
317 2735 530 2806 derivantur
554 2738 665 2826 vitia,
703 2737 879 2806 eiusmodi
907 2760 943 2808 v.
974 2761 1008 2805 c.
1040 2735 1112 2806 esse
1141 2734 1233 2828 pos-2
1315 2754 1317 2758 ·

240 2847 346 2940 sunt,
367 2849 399 2918 -fi
430 2850 631 2921 navarchus
652 2851 708 2921 vel
732 2874 861 2921 navem
885 2849 1081 2919 defenfioni
1109 2861 1232 2941 aptam

238 2964 365 3056 ignave
388 2964 483 3034 hosti
513 2963 580 3035 vel'
597 2965 725 3055 piratis
749 2959 918 3054 tradidit,
953 2964 1011 3038 vel
1039 2965 1064 3036 [i
1095 2976 1229 3057 temere
1262 3054 1273 3071 .
1366 3011 1372 3023 ·

237 3100 362 3168 pugna
392 3078 514 3152 navali
543 3078 767 3169 experitur,
817 3102 899 3148 cum
937 3077 1060 3170 fugam
1101 3068 1230 3167 capere

239 3193 382 3281 posset5
420 3192 466 3261 fic
486 3193 617 3280 etiam,
645 3191 670 3259 fi
692 3193 896 3282 neutrales,
924 3215 1016 3284 quae
1040 3191 1228 3277 dicuntur,

240 3327 376 3374 meroes
388 3298 482 3373 facto
495 3307 557 3376 suo
569 3306 721 3383 reddidit
740 3306 945 3400 suspectas,
964 3305 1044 3392 vel,
1068 3304 1118 3393 fi,
1142 3304 1230 3371 dum
1275 3359 1278 3363 .

171 3407 175 3414 ⁶
239 3427 378 3485 arresto
400 3416 651 3508 detineantur,
669 3423 865 3490 necesfiaria
888 3420 933 3489 ad
956 3440 1081 3487 earum
1097 3415 1232 3485 libera-

126 3526 130 3533 ’
234 3532 375 3600 'tionem
406 3528 540 3595 auxilia
574 3552 648 3598 non
683 3520 872 3624 impertiit.v
921 3528 1133 3597 Generatim
1161 3527 1229 3596 hoc

239 3644 386 3719 nomine
408 3642 452 3710 ad
469 3641 744 3728 assecuratorem
766 3644 887 3712 omnia
905 3642 1118 3710 detrimenta
1141 3664 1231 3733 per-

240 3735 380 3846 tinent,
407 3778 500 3849 quae
519 3777 564 3824 ex
581 3756 754 3839 nauarchi
773 3750 997 3846 ignorantia,
1016 3755 1230 3848 impruden-

243 3875 293 3945 tia
309 3882 346 3940 et
369 3869 547 3961 imperitia
567 3867 772 3960 profluunt.

158 4056 164 4062 ,
293 3985 339 4054 Si.
359 3982 585 4072 navarchus,
624 3984 727 4054 nulla
758 3980 963 4053 necestitate
991 3994 1135 4063 coactus
1146 4034 1160 4092 ,
1185 3981 1231 4053 ab

698 4095 784 4169 Hs
1085 4135 1087 4138 >
1125 4096 1234 4167 exer·
1351 4085 1354 4095 ’
