2970 5018
276 530 986 606 ASSECURA'PORIS.
1086 538 1130 609 81

137 755 288 833 aulem,
326 748 391 817 ubi
423 746 718 815 commerciorum
752 731 956 838 frequentia
990 746 1136 816 latiores

135 859 266 928 limites
287 863 427 954 exigere
447 858 661 946 videbatur,
693 860 809 928 amisfi
840 860 935 929 lucri
962 861 1134 933 damnum

134 973 180 1041 ad
199 996 277 1041 eam
297 973 516 1042 retulerunt.
569 971 689 1039 Facile
715 964 853 1041 diversa
878 975 964 1042 haec
989 972 1133 1065 regulae

132 1084 410 1176 interpretatio,
437 1084 653 1174 comparatis
685 1084 877 1176 utriusque
899 1086 1053 1178 regionis
1075 1084 1134 1153 lc-

132 1194 257 1286 gibus,
271 1196 509 1286 intelligitur,
534 1195 711 1287 imprimis
723 1193 883 1266 instituto
902 1220 1025 1266 rerum
1043 1219 1134 1264 exa-

131 1309 253 1397 mine,
281 1331 370 1399 quas
401 1307 652 1375 assecuratoris
679 1308 841 1398 periculo
873 1308 997 1378 subiici
1029 1309 1132 1400 posse

131 1422 299 1519 vidimus.
324 1417 601 1510 -Antequam
626 1429 746 1488 autem
763 1420 811 1488 od
835 1423 1049 1490 recensenda
1068 1422 1131 1511 ip-

131 1535 168 1603 se
189 1535 298 1603 maris
320 1532 481 1625 pericula
511 1542 716 1621 transeam,
741 1535 868 1625 paucis
888 1534 1064 1626 agendum
1084 1556 1128 1601 e-

128 1647 180 1714 rit
211 1646 254 1715 de
286 1647 437 1738 praemii
465 1645 724 1714 assecuratione
762 1656 799 1715 et
830 1647 875 1715 de
901 1648 1128 1715 reassecura-

130 1758 254 1848 tione,
291 1783 382 1853 quae
415 1758 608 1831 arctislime
640 1781 722 1832 cum
758 1780 799 1833 re
834 1769 961 1831 nostra
994 1759 1129 1831 cohae-

127 1882 221 1942 rent.

583 2070 666 2162 §a

335 2278 398 2349 De
422 2277 705 2372 assecuratione
725 2278 907 2371 praemii.

170 2500 397 2571 Aslecuratio
428 2506 582 2597 praemii
608 2529 650 2575 ea
672 2516 748 2596 est,
775 2528 849 2596 qua
872 2503 1121 2593 assecuratus,

120 2616 295 2706 promisso
315 2615 429 2689 altero
449 2619 610 2713 praemio
621 2667 633 2708 ,
660 2642 741 2687 cum
760 2619 1002 2686 assecuratore
1023 2639 1121 2706 quo-

117 2728 198 2796 dam
230 2730 458 2821 paciscitur,
496 2742 539 2801 ut
568 2733 673 2826 prius
696 2730 896 2825 praemium
929 2730 1117 2818 restituat,

117 2839 143 2908 li
174 2843 277 2911 navis
309 2842 367 2922 vel
398 2867 534 2913 merces
566 2854 734 2936 pereunt.
787 2842 825 2910 Si
849 2844 960 2935 igitur
981 2842 1026 2910 iis
1049 2843 1119 2911 ad-

116 2953 325 3045 haeremus,
354 2981 445 3048 qnae
474 2959 518 3026 dc
548 2957 704 3049 periculi
732 2956 869 3025 obiecto
902 2959 1011 3024 uraris
1037 2956 1115 3023 dis-

115 3067 258 3136 crimini
288 3071 447 3161 expofito
483 3071 667 3163 disputata
701 3071 808 3161 suut,
845 3071 933 3139 haec
961 3068 1115 3161 praemii

116 3179 332 3248 assecuratio
362 3207 445 3253 curn
468 3183 658 3276 principiis
682 3184 817 3252 nostris
843 3183 883 3251 in
907 3183 1114 3251 consonan*

115 3291 202 3359 tiam
231 3292 343 3385 redigi
371 3321 446 3366 non
469 3299 601 3390 posset.
652 3295 872 3389 stipulatum
894 3296 991 3364 enim
1014 3295 1112 3362 inter

113 3404 363 3474 contrahentes
383 3412 584 3500 praemium
606 3435 665 3481 res
684 3420 782 3480 certa
803 3421 882 3497 est,
917 3430 1008 3499 quae
1029 3406 1112 3473 iure

113 3516 340 3589 irrevocabili
365 3521 411 3588 ad
429 3523 706 3593 assecuratorem
723 3523 901 3615 pertinet,
921 3519 1011 3606 Sed,
1038 3518 1113 3585 oti-

112 3631 199 3703 amfi
216 3632 461 3724 aaleoumtus,
481 3635 674 3726 deperditis
691 3618 894 3721 mercibus,
907 3631 1028 3703 damin
1046 3652 1111 3699 re-

1029 3743 1122 3811 sar-t

112 3950 255 4016 abund
279 3949 317 4004 dd
339 3952 477 4020 risgucm
505 3951 536 4004 al
555 3956 623 4018 pm
647 3949 752 4013 danao,
779 3962 831 4003 non
852 3947 989 4011 alluuie,
1019 3944 1110 4040 clep

108 4036 198 4102 perdo.

613 4119 650 4187 G
674 4122 697 4189 5
730 4182 733 4187 .

1255 367 1264 411 l
