2970 5018
233 491 280 589 ,a
444 464 1072 566 nn'rnnlouco‘

234 704 444 774 exerciteris
468 705 636 774 mandato
658 705 813 796 recedit,
844 695 1061 776 berateriam
1080 706 1237 775 eommiss

236 816 301 907 fit,
328 818 461 888 etiamsi
470 819 606 889 domini
617 821 803 889 commoda
823 842 1040 910 promovere
1050 820 1231 892 voluisset.

238 930 277 1002 Si
293 954 329 999 v.
354 956 434 1025 gn,
458 937 543 1002 navi
563 942 712 1024 portum
732 934 949 1002 destinatum
961 943 1232 1024 praetervecta,

235 1046 440 1117 navarchus
472 1046 512 1113 in
544 1046 614 1113 alio
650 1048 814 1138 emporio
856 1069 992 1117 merces
1034 1057 1232 1134 exonerat,

235 1157 395 1226 mandati
438 1158 567 1226 limites
606 1170 703 1228 certe
740 1161 896 1232 excessit.
960 1160 1233 1230 Asiecuratoroc

235 1270 379 1365 igitur,
425 1272 489 1362 qui
521 1273 667 1361 patroni
706 1272 922 1344 berateriam
965 1276 1232 1367 susceperunt,

236 1385 367 1455 damna
390 1384 579 1452 restituere
599 1395 793 1467 tenentur,
820 1389 975 1478 quaein
1004 1397 1142 1456 mutato
1167 1385 1231 1452 illo

173 1558 176 1565 ,
236 1497 375 1570 itineris
398 1497 505 1581 cursu
525 1499 716 1585 accidunt3
754 1500 975 1592 eandemque
1005 1500 1050 1570 ob
1074 1499 1232 1568 caussam

235 1611 436 1706 praemium
468 1612 512 1680 ad
543 1613 822 1687 assecuratorern
845 1617 1030 1706 pertinet,
1069 1611 1234 1706 quamvis

235 1725 327 1796 illud
350 1748 419 1816 pro
436 1726 503 1795 hoc
525 1728 655 1797 itinere
675 1751 747 1797 non
770 1728 1002 1818 promisisset.
1179 1724 1180 1727 ’

286 1839 345 1911 Ex
374 1840 449 1928 iia,
489 1865 581 1935 quae
613 1844 656 1910 de
676 1840 872 1910 -barateria
906 1842 1095 1929 diximus,
1129 1837 1234 1908 facile

235 1961 358 2044 petet,
386 1958 492 2043 quarn
514 1953 657 2022 difficile
677 1953 781 2046 [nepe
801 1953 864 2044 fit,
889 1964 1008 2025 rerem
1028 1952 1235 2020 detrimenti

239 2065 394 2134 caussam
419 2089 441 2132 a
461 2063 544 2136 ficta
573 2069 830 2137 internoscere.
881 2065 995 2157 Saepe
1017 2065 1113 2133 enim
1137 2065 1234 2133 acci-

237 2180 324 2266 dit,
352 2189 413 2263 ιη,
444 2203 536 2270 quae
559 2204 581 2250 a
612 2182 796 2252 navarcho
818 2181 1098 2251 committuntur
1117 2179 1233 2265 vitio,

237 2284 318 2365 eliis
340 2291 470 2362 causfio
493 2292 715 2364 tribuantur.
766 2293 835 2364 Sed
855 2294 965 2365 huius
988 2294 1043 2363 rei
1064 2292 1232 2360 tractatio

235 2407 323 2479 tdeo'
341 2415 435 2477 'cum
460 2408 632 2479 navarchi
661 2405 786 2477 officiis
819 2418 856 2477 et
884 2405 1030 2480 divertis
1063 2406 1233 2474 locorum

219 2506 557 2600 'consuetudinibus
591 2520 780 2608 cohaeret,
819 2530 863 2589 ut
890 2520 936 2592 ad
967 2543 1044 2590 rem
1070 2529 1234 2589 noctram

235 2637 420 2731 pertinere
440 2660 517 2704 non
539 2633 706 2707 videatur
732 2633 746 2726 (
756 2634 838 2724 25).

286 2745 344 2816 nd
365 2750 547 2818 notionem
571 2771 658 2820 vero
682 2745 883 2818 baraterice
911 2770 987 2816 non
1017 2745 1137 2815 solum'
1161 2739 1235 2810 na'-

239 2859 388 2948 varchi,
410 2884 538 2930 verum
561 2863 667 2932 etiam
688 2873 883 2931 nautarum
898 2860 1042 2930 fraudes
1065 2867 1101 2925 et
1119 2855 1236 2946 negli*

237 2973 357 3070 gentio
388 2972 612 3044 referuntur.
671 2975 843 3045 Clausula
884 2974 996 3064 igitur
1027 2968 1235 3037 Baroteri'e

237 3089 292 3162 du
324 3085 477 3159 Patron
516 3098 715 3182 utrumque
756 3088 951 3173 continet,
997 3082 1159 3174 quamvis
1192 3081 1236 3150 de

1190 3220 1238 3267 u-

276 3446 346 3518 (as)
362 3442 789 3515 Exempinmhcbennstncons.
800 3446 904 3507 Maris.
922 3443 991 3511 erp.
1005 3441 1125 3508 osone.
1144 3444 1237 3496 stmu-

238 3544 298 3590 rom
316 3534 465 3591 corrosione
484 3532 607 3586 damnum
626 3530 760 3587 mercibus
781 3534 956 3598 importatum
980 3543 1062 3590 erar.
1089 3528 1237 3582 navarchus

238 3621 306 3678 itud
328 3620 453 3675 resarcire
477 3619 634 3680 teneratur,
661 3616 707 3669 nisi
732 3615 812 3669 felem
835 3617 896 3669 orvi
918 3612 1086 3683 imposuisset
1120 3610 1237 3681 (ecdem

241 3707 363 3767 ratione,
388 3719 438 3773 qur
463 3702 533 3758 tullo
549 3715 671 3762 tenetur,
688 3699 706 3753 sr
723 3712 812 3754 mures
825 3701 980 3754 vestimenta
995 3699 1110 3752 roseriot
1126 3698 1152 3747 in
1165 3695 1184 3747 l.
1205 3707 1235 3757 13

243 3790 257 3860 ς
272 3794 299 3844 6,
319 3791 352 3842 D·
366 3790 483 3858 iocart);
502 3787 668 3851 excusatur,
683 3798 769 3840 tutem
779 3785 818 3848 ,fi
838 3784 919 3840 telem
930 3782 1130 3838 innavi'hnbuit
1142 3815 1154 3843 ,
1167 3791 1236 3847 quae

240 3877 267 3928 tn
285 3874 385 3926 itineris
410 3874 487 3926 corso
505 3885 559 3927 eru
577 3872 716 3925 demortua
731 3885 786 3927 etc.

278 3955 349 4009 Vide
366 3957 512 4017 adauct,
526 3955 560 4010 de
577 3954 732 4011 discrimine
744 3953 910 4022 tempestatis
918 3951 1064 4009 maritinae
1072 3947 1106 4003 td
1115 3947 1149 4003 L.
1160 3946 1236 4003 xlv,

240 4042 271 4101 ff·
287 4042 329 4097 tit.
347 4053 374 4095 ι.
394 4041 494 4094 Exere.
512 4053 559 4108 49.
576 4040 589 4108 §
606 4052 650 4105 30.
1139 4034 1146 4043 '
