<?xml version="1.0" encoding="UTF-8"?>
<!DOCTYPE html PUBLIC "-//W3C//DTD XHTML 1.0 Transitional//EN"
    "http://www.w3.org/TR/xhtml1/DTD/xhtml1-transitional.dtd">
<html xmlns="http://www.w3.org/1999/xhtml" xml:lang="en" lang="en">
 <head>
  <title>
</title>
<meta http-equiv="Content-Type" content="text/html;charset=utf-8" />
  <meta name='ocr-system' content='tesseract 3.04.00' />
  <meta name='ocr-capabilities' content='ocr_page ocr_carea ocr_par ocr_line ocrx_word'/>
</head>
<body>
  <div class='ocr_page' id='page_1' title='image "./depericuloquoda00backgoog_0020.png"; bbox 0 0 2970 5018; ppageno 0'>
   <div class='ocr_carea' id='block_1_1' title="bbox 304 368 1168 498">
    <p class='ocr_par' dir='ltr' id='par_1_1' title="bbox 304 368 1168 498">
     <span class='ocr_line' id='line_1_1' title="bbox 304 368 1168 498; baseline -0.001 -15"><span class='ocrx_word' id='word_1_1' title='bbox 304 368 976 498; x_wconf 68' lang='lat' dir='ltr'><strong>&#39;rurnonucrro</strong></span> <span class='ocrx_word' id='word_1_2' title='bbox 1140 428 1168 482; x_wconf 73' lang='lat' dir='ltr'><strong>v</strong></span> 
     </span>
    </p>
   </div>
   <div class='ocr_carea' id='block_1_2' title="bbox 85 617 1168 3301">
    <p class='ocr_par' dir='ltr' id='par_1_2' title="bbox 85 617 1168 3210">
     <span class='ocr_line' id='line_1_2' title="bbox 169 617 1165 713; baseline 0 -24"><span class='ocrx_word' id='word_1_3' title='bbox 169 620 267 691; x_wconf 83' lang='lat' dir='ltr'><strong>enim</strong></span> <span class='ocrx_word' id='word_1_4' title='bbox 288 633 374 713; x_wconf 87' lang='lat' dir='ltr'><strong>post</strong></span> <span class='ocrx_word' id='word_1_5' title='bbox 391 617 485 691; x_wconf 84' lang='lat' dir='ltr'><strong>bella</strong></span> <span class='ocrx_word' id='word_1_6' title='bbox 503 620 642 693; x_wconf 85' lang='lat' dir='ltr'><strong>Punica</strong></span> <span class='ocrx_word' id='word_1_7' title='bbox 652 620 763 692; x_wconf 88' lang='lat' dir='ltr'><strong>maris</strong></span> <span class='ocrx_word' id='word_1_8' title='bbox 785 617 922 691; x_wconf 89' lang='lat' dir='ltr'><strong>domini</strong></span> <span class='ocrx_word' id='word_1_9' title='bbox 942 618 1055 689; x_wconf 80' lang='lat' dir='ltr'>essent</span> <span class='ocrx_word' id='word_1_10' title='bbox 1067 618 1082 712; x_wconf 86' lang='lat'>(</span> <span class='ocrx_word' id='word_1_11' title='bbox 1091 619 1114 689; x_wconf 93' lang='grc'><strong>6</strong></span> <span class='ocrx_word' id='word_1_12' title='bbox 1125 618 1165 712; x_wconf 85' lang='grc'><strong>),</strong></span> 
     </span>
     <span class='ocr_line' id='line_1_3' title="bbox 170 728 1168 826; baseline -0.002 -25"><span class='ocrx_word' id='word_1_13' title='bbox 170 728 334 818; x_wconf 79' lang='lat' dir='ltr'><strong>Quirites</strong></span> <span class='ocrx_word' id='word_1_14' title='bbox 367 744 489 805; x_wconf 84' lang='lat' dir='ltr'><strong>tamen</strong></span> <span class='ocrx_word' id='word_1_15' title='bbox 512 735 625 826; x_wconf 84' lang='lat' dir='ltr'><strong>copiis</strong></span> <span class='ocrx_word' id='word_1_16' title='bbox 660 733 848 805; x_wconf 73' lang='lat' dir='ltr'><strong>maritimis</strong></span> <span class='ocrx_word' id='word_1_17' title='bbox 878 733 987 823; x_wconf 86' lang='lat' dir='ltr'><strong>magis</strong></span> <span class='ocrx_word' id='word_1_18' title='bbox 1013 733 1056 800; x_wconf 87' lang='lat' dir='ltr'><strong>ad</strong></span> <span class='ocrx_word' id='word_1_19' title='bbox 1079 731 1168 801; x_wconf 87' lang='lat' dir='ltr'><strong>sub-</strong></span> 
     </span>
     <span class='ocr_line' id='line_1_4' title="bbox 85 840 1168 942; baseline 0.001 -28"><span class='ocrx_word' id='word_1_20' title='bbox 85 840 88 845; x_wconf 74' lang='grc'><strong>’</strong></span> <span class='ocrx_word' id='word_1_21' title='bbox 168 846 339 915; x_wconf 87' lang='lat' dir='ltr'><strong>iiciendos</strong></span> <span class='ocrx_word' id='word_1_22' title='bbox 358 847 503 939; x_wconf 80' lang='lat' dir='ltr'><strong>hostes,</strong></span> <span class='ocrx_word' id='word_1_23' title='bbox 532 872 641 942; x_wconf 89' lang='lat' dir='ltr'><strong>quam</strong></span> <span class='ocrx_word' id='word_1_24' title='bbox 665 849 710 917; x_wconf 88' lang='lat' dir='ltr'><strong>ad</strong></span> <span class='ocrx_word' id='word_1_25' title='bbox 733 844 967 938; x_wconf 84' lang='lat' dir='ltr'><strong>propaganda</strong></span> <span class='ocrx_word' id='word_1_26' title='bbox 988 867 1168 915; x_wconf 88' lang='lat' dir='ltr'><strong>commer-</strong></span> 
     </span>
     <span class='ocr_line' id='line_1_5' title="bbox 167 956 1167 1047; baseline 0.002 -22"><span class='ocrx_word' id='word_1_27' title='bbox 167 959 224 1027; x_wconf 87' lang='lat' dir='ltr'><strong>cia</strong></span> <span class='ocrx_word' id='word_1_28' title='bbox 252 958 461 1031; x_wconf 87' lang='lat' dir='ltr'><strong>utebantur.</strong></span> <span class='ocrx_word' id='word_1_29' title='bbox 505 960 785 1047; x_wconf 79' lang='lat' dir='ltr'><strong>‘Mercaturam,</strong></span> <span class='ocrx_word' id='word_1_30' title='bbox 810 956 865 1025; x_wconf 87' lang='lat' dir='ltr'><strong>uti</strong></span> <span class='ocrx_word' id='word_1_31' title='bbox 895 976 1025 1025; x_wconf 75' lang='lat' dir='ltr'><strong>cronno</strong></span> <span class='ocrx_word' id='word_1_32' title='bbox 1053 967 1167 1027; x_wconf 86' lang='lat' dir='ltr'><strong>testa-</strong></span> 
     </span>
     <span class='ocr_line' id='line_1_6' title="bbox 168 1067 1166 1164; baseline -0.001 -26"><span class='ocrx_word' id='word_1_33' title='bbox 168 1080 254 1161; x_wconf 88' lang='lat' dir='ltr'><strong>tur,</strong></span> <span class='ocrx_word' id='word_1_34' title='bbox 281 1070 446 1142; x_wconf 87' lang='lat' dir='ltr'><strong>fitenuis</strong></span> <span class='ocrx_word' id='word_1_35' title='bbox 466 1085 545 1162; x_wconf 84' lang='lat' dir='ltr'><strong>est,</strong></span> <span class='ocrx_word' id='word_1_36' title='bbox 566 1072 740 1141; x_wconf 85' lang='lat' dir='ltr'><strong>sordidam</strong></span> <span class='ocrx_word' id='word_1_37' title='bbox 767 1069 967 1164; x_wconf 80' lang='lat' dir='ltr'><strong>putabant5</strong></span> <span class='ocrx_word' id='word_1_38' title='bbox 992 1067 1044 1138; x_wconf 89' lang='lat' dir='ltr'><strong>fin</strong></span> <span class='ocrx_word' id='word_1_39' title='bbox 1061 1093 1166 1162; x_wconf 81' lang='lat' dir='ltr'><strong>mag-</strong></span> 
     </span>
     <span class='ocr_line' id='line_1_7' title="bbox 166 1182 1167 1278; baseline -0.001 -24"><span class='ocrx_word' id='word_1_40' title='bbox 166 1205 218 1254; x_wconf 83' lang='lat' dir='ltr'><strong>na</strong></span> <span class='ocrx_word' id='word_1_41' title='bbox 250 1196 286 1255; x_wconf 90' lang='lat' dir='ltr'><strong>et</strong></span> <span class='ocrx_word' id='word_1_42' title='bbox 308 1189 474 1278; x_wconf 82' lang='lat' dir='ltr'><strong>copiosa,</strong></span> <span class='ocrx_word' id='word_1_43' title='bbox 504 1186 620 1255; x_wconf 83' lang='lat' dir='ltr'><strong>multa</strong></span> <span class='ocrx_word' id='word_1_44' title='bbox 642 1184 801 1277; x_wconf 83' lang='lat' dir='ltr'><strong>undique</strong></span> <span class='ocrx_word' id='word_1_45' title='bbox 838 1182 1034 1274; x_wconf 78' lang='lat' dir='ltr'><strong>adportans</strong></span> <span class='ocrx_word' id='word_1_46' title='bbox 1065 1183 1167 1253; x_wconf 89' lang='lat' dir='ltr'><strong>mul·</strong></span> 
     </span>
     <span class='ocr_line' id='line_1_8' title="bbox 166 1293 1166 1389; baseline 0 -24"><span class='ocrx_word' id='word_1_47' title='bbox 166 1296 285 1388; x_wconf 85' lang='lat' dir='ltr'><strong>tisque</strong></span> <span class='ocrx_word' id='word_1_48' title='bbox 309 1299 383 1369; x_wconf 82' lang='lat' dir='ltr'><strong>fine</strong></span> <span class='ocrx_word' id='word_1_49' title='bbox 408 1300 567 1371; x_wconf 82' lang='lat' dir='ltr'><strong>vanitate</strong></span> <span class='ocrx_word' id='word_1_50' title='bbox 590 1297 821 1389; x_wconf 82' lang='lat' dir='ltr'><strong>impertiens,</strong></span> <span class='ocrx_word' id='word_1_51' title='bbox 861 1318 939 1367; x_wconf 91' lang='lat' dir='ltr'><strong>uon</strong></span> <span class='ocrx_word' id='word_1_52' title='bbox 972 1293 1166 1365; x_wconf 77' lang='lat' dir='ltr'><strong>admodum</strong></span> 
     </span>
     <span class='ocr_line' id='line_1_9' title="bbox 164 1407 1166 1503; baseline -0.002 -23"><span class='ocrx_word' id='word_1_53' title='bbox 164 1408 211 1480; x_wconf 86' lang='lat' dir='ltr'><strong>iis</strong></span> <span class='ocrx_word' id='word_1_54' title='bbox 236 1410 478 1500; x_wconf 89' lang='lat' dir='ltr'><strong>vituperanda</strong></span> <span class='ocrx_word' id='word_1_55' title='bbox 515 1409 703 1482; x_wconf 83' lang='lat' dir='ltr'><strong>videbatur</strong></span> <span class='ocrx_word' id='word_1_56' title='bbox 736 1409 780 1502; x_wconf 83' lang='lat'><strong>(7</strong></span> <span class='ocrx_word' id='word_1_57' title='bbox 794 1410 822 1503; x_wconf 91' lang='lat'><strong>).</strong></span> <span class='ocrx_word' id='word_1_58' title='bbox 872 1407 1033 1499; x_wconf 84' lang='lat' dir='ltr'><strong>Propter</strong></span> <span class='ocrx_word' id='word_1_59' title='bbox 1065 1409 1166 1479; x_wconf 91' lang='lat' dir='ltr'><strong>huno</strong></span> 
     </span>
     <span class='ocr_line' id='line_1_10' title="bbox 166 1521 1166 1613; baseline 0.002 -22"><span class='ocrx_word' id='word_1_60' title='bbox 166 1524 280 1613; x_wconf 88' lang='lat' dir='ltr'><strong>igitur</strong></span> <span class='ocrx_word' id='word_1_61' title='bbox 301 1525 355 1593; x_wconf 87' lang='lat' dir='ltr'><strong>rei</strong></span> <span class='ocrx_word' id='word_1_62' title='bbox 384 1522 589 1598; x_wconf 85' lang='lat' dir='ltr'><strong>utilisfimae</strong></span> <span class='ocrx_word' id='word_1_63' title='bbox 618 1535 862 1612; x_wconf 87' lang='lat' dir='ltr'><strong>contemtum,</strong></span> <span class='ocrx_word' id='word_1_64' title='bbox 889 1532 1092 1592; x_wconf 87' lang='lat' dir='ltr'><strong>mercatura</strong></span> <span class='ocrx_word' id='word_1_65' title='bbox 1120 1521 1166 1593; x_wconf 90' lang='lat' dir='ltr'><strong>li·</strong></span> 
     </span>
     <span class='ocr_line' id='line_1_11' title="bbox 164 1632 1164 1731; baseline 0.006 -30"><span class='ocrx_word' id='word_1_66' title='bbox 164 1632 278 1702; x_wconf 89' lang='lat' dir='ltr'><strong>bertis</strong></span> <span class='ocrx_word' id='word_1_67' title='bbox 296 1636 471 1729; x_wconf 83' lang='lat' dir='ltr'><strong>sociisque</strong></span> <span class='ocrx_word' id='word_1_68' title='bbox 489 1639 612 1731; x_wconf 78' lang='lat' dir='ltr'><strong>relicta</strong></span> <span class='ocrx_word' id='word_1_69' title='bbox 623 1649 713 1711; x_wconf 85' lang='lat' dir='ltr'><strong>erat.</strong></span> <span class='ocrx_word' id='word_1_70' title='bbox 765 1635 858 1726; x_wconf 85' lang='lat' dir='ltr'><strong>Sed,</strong></span> <span class='ocrx_word' id='word_1_71' title='bbox 879 1639 1041 1728; x_wconf 70' lang='lat' dir='ltr'><strong>quamvis</strong></span> <span class='ocrx_word' id='word_1_72' title='bbox 1060 1659 1164 1707; x_wconf 86' lang='lat' dir='ltr'><strong>com-</strong></span> 
     </span>
     <span class='ocr_line' id='line_1_12' title="bbox 164 1732 1163 1841; baseline 0.012 -28"><span class='ocrx_word' id='word_1_73' title='bbox 164 1732 312 1815; x_wconf 83' lang='lat' dir='ltr'><strong>merciis¹</strong></span> <span class='ocrx_word' id='word_1_74' title='bbox 346 1773 420 1819; x_wconf 89' lang='lat' dir='ltr'><strong>non</strong></span> <span class='ocrx_word' id='word_1_75' title='bbox 468 1750 659 1841; x_wconf 84' lang='lat' dir='ltr'><strong>faverent,</strong></span> <span class='ocrx_word' id='word_1_76' title='bbox 701 1762 926 1823; x_wconf 78' lang='lat' dir='ltr'><strong>mercaturae</strong></span> <span class='ocrx_word' id='word_1_77' title='bbox 957 1761 1080 1821; x_wconf 84' lang='lat' dir='ltr'><strong>tamen</strong></span> <span class='ocrx_word' id='word_1_78' title='bbox 1125 1760 1163 1827; x_wconf 79' lang='lat' dir='ltr'><strong>et</strong></span> 
     </span>
     <span class='ocr_line' id='line_1_13' title="bbox 162 1861 1164 1957; baseline 0.003 -27"><span class='ocrx_word' id='word_1_79' title='bbox 162 1861 452 1952; x_wconf 71' lang='lat' dir='ltr'><strong>navigationibus</strong></span> <span class='ocrx_word' id='word_1_80' title='bbox 471 1863 585 1954; x_wconf 83' lang='lat' dir='ltr'><strong>libor,</strong></span> <span class='ocrx_word' id='word_1_81' title='bbox 608 1865 670 1957; x_wconf 88' lang='lat' dir='ltr'><strong>qui</strong></span> <span class='ocrx_word' id='word_1_82' title='bbox 697 1887 720 1933; x_wconf 89' lang='lat' dir='ltr'><strong>a</strong></span> <span class='ocrx_word' id='word_1_83' title='bbox 753 1874 886 1935; x_wconf 87' lang='lat' dir='ltr'><strong>natura</strong></span> <span class='ocrx_word' id='word_1_84' title='bbox 913 1864 1045 1952; x_wconf 85' lang='lat' dir='ltr'><strong>datur,</strong></span> <span class='ocrx_word' id='word_1_85' title='bbox 1073 1886 1164 1933; x_wconf 87' lang='lat' dir='ltr'><strong>cur·</strong></span> 
     </span>
     <span class='ocr_line' id='line_1_14' title="bbox 99 1973 1163 2069; baseline 0.008 -29"><span class='ocrx_word' id='word_1_86' title='bbox 99 1980 104 1989; x_wconf 94' lang='lat'>&#39;</span> <span class='ocrx_word' id='word_1_87' title='bbox 162 1973 222 2041; x_wconf 82' lang='lat' dir='ltr'><strong>sus</strong></span> <span class='ocrx_word' id='word_1_88' title='bbox 242 1984 320 2043; x_wconf 83' lang='lat' dir='ltr'><strong>erat</strong></span> <span class='ocrx_word' id='word_1_89' title='bbox 338 1977 421 2069; x_wconf 82' lang='lat'><strong>(8).</strong></span> <span class='ocrx_word' id='word_1_90' title='bbox 474 1975 668 2047; x_wconf 88' lang='lat' dir='ltr'><strong>Immodica</strong></span> <span class='ocrx_word' id='word_1_91' title='bbox 691 1978 787 2047; x_wconf 85' lang='lat' dir='ltr'><strong>enim</strong></span> <span class='ocrx_word' id='word_1_92' title='bbox 810 1976 947 2047; x_wconf 89' lang='lat' dir='ltr'><strong>tributa</strong></span> <span class='ocrx_word' id='word_1_93' title='bbox 980 1977 1038 2047; x_wconf 85' lang='lat' dir='ltr'><strong>vel</strong></span> <span class='ocrx_word' id='word_1_94' title='bbox 1057 2000 1163 2048; x_wconf 88' lang='lat' dir='ltr'><strong>com·</strong></span> 
     </span>
     <span class='ocr_line' id='line_1_15' title="bbox 161 2087 1160 2182; baseline 0.008 -29"><span class='ocrx_word' id='word_1_95' title='bbox 161 2089 295 2156; x_wconf 88' lang='lat' dir='ltr'><strong>mercia</strong></span> <span class='ocrx_word' id='word_1_96' title='bbox 325 2087 371 2158; x_wconf 93' lang='lat' dir='ltr'><strong>ob</strong></span> <span class='ocrx_word' id='word_1_97' title='bbox 400 2092 623 2182; x_wconf 87' lang='lat' dir='ltr'><strong>populorum</strong></span> <span class='ocrx_word' id='word_1_98' title='bbox 655 2093 826 2164; x_wconf 85' lang='lat' dir='ltr'><strong>invidiam</strong></span> <span class='ocrx_word' id='word_1_99' title='bbox 855 2091 1044 2161; x_wconf 85' lang='lat' dir='ltr'><strong>interdicta</strong></span> <span class='ocrx_word' id='word_1_100' title='bbox 1059 2116 1160 2161; x_wconf 89' lang='lat' dir='ltr'><strong>mer-</strong></span> 
     </span>
     <span class='ocr_line' id='line_1_16' title="bbox 161 2204 1163 2296; baseline 0.01 -29"><span class='ocrx_word' id='word_1_101' title='bbox 161 2211 324 2269; x_wconf 82' lang='lat' dir='ltr'><strong>caturam</strong></span> <span class='ocrx_word' id='word_1_102' title='bbox 373 2227 448 2272; x_wconf 89' lang='lat' dir='ltr'><strong>non</strong></span> <span class='ocrx_word' id='word_1_103' title='bbox 493 2204 741 2296; x_wconf 84' lang='lat' dir='ltr'><strong>deprimebant</strong></span> <span class='ocrx_word' id='word_1_104' title='bbox 780 2219 816 2277; x_wconf 88' lang='lat' dir='ltr'><strong>et</strong></span> <span class='ocrx_word' id='word_1_105' title='bbox 850 2219 1008 2277; x_wconf 82' lang='lat' dir='ltr'><strong>armatae</strong></span> <span class='ocrx_word' id='word_1_106' title='bbox 1036 2207 1163 2277; x_wconf 82' lang='lat' dir='ltr'><strong>classes</strong></span> 
     </span>
     <span class='ocr_line' id='line_1_17' title="bbox 163 2315 1161 2412; baseline 0.005 -31"><span class='ocrx_word' id='word_1_107' title='bbox 163 2315 427 2406; x_wconf 73' lang='lat' dir='ltr'><strong>nayigationem</strong></span> <span class='ocrx_word' id='word_1_108' title='bbox 450 2329 578 2388; x_wconf 84' lang='lat' dir='ltr'><strong>contra</strong></span> <span class='ocrx_word' id='word_1_109' title='bbox 599 2321 735 2411; x_wconf 85' lang='lat' dir='ltr'><strong>piratas</strong></span> <span class='ocrx_word' id='word_1_110' title='bbox 757 2319 967 2391; x_wconf 85' lang='lat' dir='ltr'><strong>tuebantur.</strong></span> <span class='ocrx_word' id='word_1_111' title='bbox 1018 2319 1075 2390; x_wconf 87' lang='lat' dir='ltr'><strong>Ab</strong></span> <span class='ocrx_word' id='word_1_112' title='bbox 1098 2321 1161 2412; x_wconf 82' lang='lat' dir='ltr'><strong>ip-</strong></span> 
     </span>
     <span class='ocr_line' id='line_1_18' title="bbox 165 2424 1162 2527; baseline 0.006 -30"><span class='ocrx_word' id='word_1_113' title='bbox 165 2424 209 2497; x_wconf 85' lang='lat' dir='ltr'><strong>fis</strong></span> <span class='ocrx_word' id='word_1_114' title='bbox 241 2438 360 2498; x_wconf 87' lang='lat' dir='ltr'><strong>autem</strong></span> <span class='ocrx_word' id='word_1_115' title='bbox 385 2429 550 2501; x_wconf 82' lang='lat' dir='ltr'><strong>hostibus</strong></span> <span class='ocrx_word' id='word_1_116' title='bbox 577 2435 634 2506; x_wconf 83' lang='lat' dir='ltr'><strong>vel</strong></span> <span class='ocrx_word' id='word_1_117' title='bbox 655 2435 764 2504; x_wconf 86' lang='lat' dir='ltr'><strong>maris</strong></span> <span class='ocrx_word' id='word_1_118' title='bbox 793 2431 1067 2527; x_wconf 80' lang='lat' dir='ltr'><strong>tempestatibus</strong></span> <span class='ocrx_word' id='word_1_119' title='bbox 1091 2433 1162 2503; x_wconf 89' lang='lat' dir='ltr'><strong>hoc</strong></span> 
     </span>
     <span class='ocr_line' id='line_1_19' title="bbox 165 2548 1161 2638; baseline 0.014 -34"><span class='ocrx_word' id='word_1_120' title='bbox 165 2548 343 2629; x_wconf 73' lang='lat' dir='ltr'><strong>tempore·</strong></span> <span class='ocrx_word' id='word_1_121' title='bbox 373 2553 516 2613; x_wconf 86' lang='lat' dir='ltr'><strong>tantum</strong></span> <span class='ocrx_word' id='word_1_122' title='bbox 553 2549 757 2638; x_wconf 85' lang='lat' dir='ltr'><strong>periculum</strong></span> <span class='ocrx_word' id='word_1_123' title='bbox 802 2572 878 2619; x_wconf 89' lang='lat' dir='ltr'><strong>uon</strong></span> <span class='ocrx_word' id='word_1_124' title='bbox 924 2557 1033 2635; x_wconf 86' lang='lat' dir='ltr'><strong>erat,</strong></span> <span class='ocrx_word' id='word_1_125' title='bbox 1076 2570 1161 2618; x_wconf 86' lang='lat' dir='ltr'><strong>cum</strong></span> 
     </span>
     <span class='ocr_line' id='line_1_20' title="bbox 160 2658 1160 2751; baseline 0.011 -33"><span class='ocrx_word' id='word_1_126' title='bbox 160 2672 286 2747; x_wconf 88' lang='lat' dir='ltr'><strong>mare,</strong></span> <span class='ocrx_word' id='word_1_127' title='bbox 312 2675 379 2745; x_wconf 88' lang='lat' dir='ltr'><strong>per</strong></span> <span class='ocrx_word' id='word_1_128' title='bbox 416 2658 512 2749; x_wconf 86' lang='lat' dir='ltr'><strong>quod</strong></span> <span class='ocrx_word' id='word_1_129' title='bbox 546 2660 772 2751; x_wconf 84' lang='lat' dir='ltr'><strong>potisfimum</strong></span> <span class='ocrx_word' id='word_1_130' title='bbox 817 2668 1018 2728; x_wconf 80' lang='lat' dir='ltr'><strong>mercatura</strong></span> <span class='ocrx_word' id='word_1_131' title='bbox 1051 2682 1160 2730; x_wconf 87' lang='lat' dir='ltr'><strong>exer-</strong></span> 
     </span>
     <span class='ocr_line' id='line_1_21' title="bbox 161 2763 1159 2864; baseline 0.013 -30"><span class='ocrx_word' id='word_1_132' title='bbox 161 2763 334 2857; x_wconf 83' lang='lat' dir='ltr'><strong>cebatur,</strong></span> <span class='ocrx_word' id='word_1_133' title='bbox 373 2769 532 2861; x_wconf 83' lang='lat' dir='ltr'><strong>undique</strong></span> <span class='ocrx_word' id='word_1_134' title='bbox 578 2772 828 2843; x_wconf 86' lang='lat' dir='ltr'><strong>Romanorum</strong></span> <span class='ocrx_word' id='word_1_135' title='bbox 868 2770 1085 2864; x_wconf 71' lang='lat' dir='ltr'><strong>provinciis&#39;</strong></span> <span class='ocrx_word' id='word_1_136' title='bbox 1100 2774 1159 2847; x_wconf 86' lang='lat' dir='ltr'><strong>vel</strong></span> 
     </span>
     <span class='ocr_line' id='line_1_22' title="bbox 160 2880 1157 2981; baseline 0.011 -33"><span class='ocrx_word' id='word_1_137' title='bbox 160 2880 264 2949; x_wconf 84' lang='lat' dir='ltr'><strong>sociis</strong></span> <span class='ocrx_word' id='word_1_138' title='bbox 287 2882 376 2951; x_wconf 84' lang='lat' dir='ltr'><strong>esset</strong></span> <span class='ocrx_word' id='word_1_139' title='bbox 393 2883 672 2974; x_wconf 86' lang='lat' dir='ltr'><strong>circumfusum,</strong></span> <span class='ocrx_word' id='word_1_140' title='bbox 695 2908 851 2977; x_wconf 88' lang='lat' dir='ltr'><strong>cumque</strong></span> <span class='ocrx_word' id='word_1_141' title='bbox 871 2886 911 2957; x_wconf 89' lang='lat' dir='ltr'><strong>in</strong></span> <span class='ocrx_word' id='word_1_142' title='bbox 928 2890 1157 2981; x_wconf 82' lang='lat' dir='ltr'><strong>navigatione</strong></span> 
     </span>
     <span class='ocr_line' id='line_1_23' title="bbox 160 2990 1157 3092; baseline 0.011 -32"><span class='ocrx_word' id='word_1_143' title='bbox 160 2990 269 3062; x_wconf 87' lang='lat' dir='ltr'><strong>litora</strong></span> <span class='ocrx_word' id='word_1_144' title='bbox 298 2993 416 3087; x_wconf 85' lang='lat' dir='ltr'><strong>legere</strong></span> <span class='ocrx_word' id='word_1_145' title='bbox 436 3007 473 3066; x_wconf 87' lang='lat' dir='ltr'><strong>et</strong></span> <span class='ocrx_word' id='word_1_146' title='bbox 496 2999 651 3089; x_wconf 86' lang='lat' dir='ltr'><strong>hyemali</strong></span> <span class='ocrx_word' id='word_1_147' title='bbox 672 3010 835 3092; x_wconf 84' lang='lat' dir='ltr'><strong>tempore</strong></span> <span class='ocrx_word' id='word_1_148' title='bbox 865 3001 1018 3072; x_wconf 79' lang='lat' dir='ltr'><strong>navibus</strong></span> <span class='ocrx_word' id='word_1_149' title='bbox 1040 3005 1157 3071; x_wconf 85' lang='lat' dir='ltr'><strong>otium</strong></span> 
     </span>
     <span class='ocr_line' id='line_1_24' title="bbox 161 3103 1160 3210; baseline 0.009 -35"><span class='ocrx_word' id='word_1_150' title='bbox 161 3103 278 3178; x_wconf 81' lang='lat' dir='ltr'><strong>facere</strong></span> <span class='ocrx_word' id='word_1_151' title='bbox 313 3111 576 3186; x_wconf 78' lang='lat' dir='ltr'><strong>consuevissent</strong></span> <span class='ocrx_word' id='word_1_152' title='bbox 612 3113 696 3210; x_wconf 85' lang='lat'><strong>(9).</strong></span> <span class='ocrx_word' id='word_1_153' title='bbox 749 3114 817 3186; x_wconf 82' lang='lat' dir='ltr'><strong>Sed</strong></span> <span class='ocrx_word' id='word_1_154' title='bbox 841 3116 919 3210; x_wconf 78' lang='lat' dir='ltr'><strong>ipsa</strong></span> <span class='ocrx_word' id='word_1_155' title='bbox 947 3115 1034 3187; x_wconf 78' lang='lat' dir='ltr'><strong>haec</strong></span> <span class='ocrx_word' id='word_1_156' title='bbox 1056 3138 1160 3185; x_wconf 74' lang='lat' dir='ltr'><strong>mer·-</strong></span> 
     </span>
    </p>

    <p class='ocr_par' dir='ltr' id='par_1_3' title="bbox 1091 3253 1158 3301">
     <span class='ocr_line' id='line_1_25' title="bbox 1091 3253 1158 3301; baseline 0 -15"><span class='ocrx_word' id='word_1_157' title='bbox 1091 3253 1158 3301; x_wconf 61' lang='lat' dir='ltr'><strong>ca·</strong></span> 
     </span>
    </p>
   </div>
   <div class='ocr_carea' id='block_1_3' title="bbox 104 3407 1158 4156">
    <p class='ocr_par' dir='ltr' id='par_1_4' title="bbox 162 3407 1158 3574">
     <span class='ocr_line' id='line_1_26' title="bbox 197 3407 1158 3495; baseline 0.025 -34"><span class='ocrx_word' id='word_1_158' title='bbox 197 3407 248 3476; x_wconf 86' lang='lat'><strong>(6)</strong></span> <span class='ocrx_word' id='word_1_159' title='bbox 266 3423 382 3479; x_wconf 72' lang='lat' dir='ltr'><strong>azoni,</strong></span> <span class='ocrx_word' id='word_1_160' title='bbox 399 3419 480 3472; x_wconf 67' lang='lat' dir='ltr'><strong>Dran</strong></span> <span class='ocrx_word' id='word_1_161' title='bbox 496 3423 629 3476; x_wconf 70' lang='lat' dir='ltr'><strong>maritime</strong></span> <span class='ocrx_word' id='word_1_162' title='bbox 640 3425 671 3477; x_wconf 80' lang='lat' dir='ltr'><strong>de</strong></span> <span class='ocrx_word' id='word_1_163' title='bbox 684 3423 827 3493; x_wconf 64' lang='lat' dir='ltr'><strong>rsurope,</strong></span> <span class='ocrx_word' id='word_1_164' title='bbox 845 3425 904 3482; x_wconf 70' lang='lat' dir='ltr'><strong>cn·</strong></span> <span class='ocrx_word' id='word_1_165' title='bbox 917 3426 968 3482; x_wconf 87' lang='lat'>111.</span> <span class='ocrx_word' id='word_1_166' title='bbox 995 3442 1045 3482; x_wconf 84' lang='lat' dir='ltr'><strong>ut.</strong></span> <span class='ocrx_word' id='word_1_167' title='bbox 1064 3439 1096 3491; x_wconf 78' lang='lat'><strong>3,</strong></span> <span class='ocrx_word' id='word_1_168' title='bbox 1119 3441 1158 3495; x_wconf 78' lang='lat'><strong>4.</strong></span> 
     </span>
     <span class='ocr_line' id='line_1_27' title="bbox 162 3499 678 3574; baseline 0.008 -16"><span class='ocrx_word' id='word_1_169' title='bbox 162 3503 199 3558; x_wconf 74' lang='lat' dir='ltr'><strong>s·</strong></span> <span class='ocrx_word' id='word_1_170' title='bbox 215 3507 277 3562; x_wconf 69' lang='grc' dir='ltr'><strong>Μ·</strong></span> <span class='ocrx_word' id='word_1_171' title='bbox 296 3499 367 3559; x_wconf 74' lang='lat'><strong>358.</strong></span> <span class='ocrx_word' id='word_1_172' title='bbox 382 3499 456 3568; x_wconf 67' lang='lat' dir='ltr'><strong>seqq·</strong></span> <span class='ocrx_word' id='word_1_173' title='bbox 508 3521 536 3559; x_wconf 86' lang='lat' dir='ltr'><strong>et</strong></span> <span class='ocrx_word' id='word_1_174' title='bbox 553 3523 611 3574; x_wconf 81' lang='lat' dir='ltr'><strong>pag.</strong></span> <span class='ocrx_word' id='word_1_175' title='bbox 631 3509 678 3574; x_wconf 78' lang='lat'><strong>65.</strong></span> 
     </span>
    </p>

    <p class='ocr_par' dir='ltr' id='par_1_5' title="bbox 193 3576 616 3656">
     <span class='ocr_line' id='line_1_28' title="bbox 193 3576 616 3656; baseline 0.028 -27"><span class='ocrx_word' id='word_1_176' title='bbox 193 3576 246 3647; x_wconf 61' lang='grc' dir='ltr'><strong>(γ)</strong></span> <span class='ocrx_word' id='word_1_177' title='bbox 264 3578 298 3631; x_wconf 86' lang='lat' dir='ltr'><strong>de</strong></span> <span class='ocrx_word' id='word_1_178' title='bbox 316 3581 369 3636; x_wconf 79' lang='lat' dir='ltr'><strong>Off.</strong></span> <span class='ocrx_word' id='word_1_179' title='bbox 385 3583 417 3636; x_wconf 69' lang='lat'><strong>1„</strong></span> <span class='ocrx_word' id='word_1_180' title='bbox 436 3588 459 3638; x_wconf 87' lang='grc' dir='ltr'><strong>Ι.</strong></span> <span class='ocrx_word' id='word_1_181' title='bbox 486 3591 552 3656; x_wconf 76' lang='lat' dir='ltr'><strong>Cap.</strong></span> <span class='ocrx_word' id='word_1_182' title='bbox 572 3607 616 3655; x_wconf 77' lang='lat'><strong>4⁸·</strong></span> 
     </span>
    </p>

    <p class='ocr_par' dir='ltr' id='par_1_6' title="bbox 156 3662 1156 3908">
     <span class='ocr_line' id='line_1_29' title="bbox 194 3662 1155 3746; baseline 0.019 -31"><span class='ocrx_word' id='word_1_183' title='bbox 194 3662 247 3731; x_wconf 74' lang='grc' dir='ltr'><strong>(Β)</strong></span> <span class='ocrx_word' id='word_1_184' title='bbox 265 3677 439 3726; x_wconf 60' lang='lat' dir='ltr'><strong>oncrum.</strong></span> <span class='ocrx_word' id='word_1_185' title='bbox 459 3669 551 3722; x_wconf 75' lang='lat' dir='ltr'><strong>Oratio</strong></span> <span class='ocrx_word' id='word_1_186' title='bbox 568 3671 602 3723; x_wconf 83' lang='lat' dir='ltr'><strong>de</strong></span> <span class='ocrx_word' id='word_1_187' title='bbox 626 3674 683 3726; x_wconf 78' lang='lat' dir='ltr'><strong>sera</strong></span> <span class='ocrx_word' id='word_1_188' title='bbox 703 3691 754 3728; x_wconf 79' lang='lat' dir='ltr'><strong>nec</strong></span> <span class='ocrx_word' id='word_1_189' title='bbox 777 3677 888 3731; x_wconf 81' lang='lat' dir='ltr'><strong>matrum</strong></span> <span class='ocrx_word' id='word_1_190' title='bbox 911 3693 1036 3744; x_wconf 77' lang='lat' dir='ltr'><strong>provecta</strong></span> <span class='ocrx_word' id='word_1_191' title='bbox 1063 3680 1155 3746; x_wconf 73' lang='lat' dir='ltr'><strong>Qniri-</strong></span> 
     </span>
     <span class='ocr_line' id='line_1_30' title="bbox 157 3748 1156 3830; baseline 0.019 -29"><span class='ocrx_word' id='word_1_192' title='bbox 157 3748 226 3802; x_wconf 82' lang='lat' dir='ltr'><strong>tium</strong></span> <span class='ocrx_word' id='word_1_193' title='bbox 242 3751 424 3812; x_wconf 71' lang='lat' dir='ltr'><strong>humanitate,</strong></span> <span class='ocrx_word' id='word_1_194' title='bbox 441 3762 496 3804; x_wconf 77' lang='lat' dir='ltr'><strong>rum</strong></span> <span class='ocrx_word' id='word_1_195' title='bbox 512 3754 539 3804; x_wconf 79' lang='lat' dir='ltr'><strong>in</strong></span> <span class='ocrx_word' id='word_1_196' title='bbox 555 3753 627 3816; x_wconf 75' lang='lat' dir='ltr'><strong>aliia,</strong></span> <span class='ocrx_word' id='word_1_197' title='bbox 644 3771 701 3810; x_wconf 87' lang='lat' dir='ltr'><strong>tum</strong></span> <span class='ocrx_word' id='word_1_198' title='bbox 716 3761 829 3813; x_wconf 79' lang='lat' dir='ltr'><strong>maxime</strong></span> <span class='ocrx_word' id='word_1_199' title='bbox 846 3774 952 3830; x_wconf 86' lang='lat' dir='ltr'><strong>quoque</strong></span> <span class='ocrx_word' id='word_1_200' title='bbox 968 3763 1089 3830; x_wconf 76' lang='lat' dir='ltr'><strong>integrm</strong></span> <span class='ocrx_word' id='word_1_201' title='bbox 1100 3781 1156 3820; x_wconf 85' lang='lat' dir='ltr'><strong>mo·</strong></span> 
     </span>
     <span class='ocr_line' id='line_1_31' title="bbox 156 3833 543 3908; baseline 0.018 -21"><span class='ocrx_word' id='word_1_202' title='bbox 156 3836 292 3889; x_wconf 73' lang='lat' dir='ltr'><strong>sumentis</strong></span> <span class='ocrx_word' id='word_1_203' title='bbox 308 3833 460 3904; x_wconf 75' lang='lat' dir='ltr'><strong>perspicua.</strong></span> <span class='ocrx_word' id='word_1_204' title='bbox 483 3839 496 3908; x_wconf 78' lang='grc' dir='ltr'><em>ς</em></span> <span class='ocrx_word' id='word_1_205' title='bbox 514 3849 543 3904; x_wconf 83' lang='lat'><strong>7.</strong></span> 
     </span>
    </p>

    <p class='ocr_par' dir='ltr' id='par_1_7' title="bbox 104 3918 1154 4156">
     <span class='ocr_line' id='line_1_32' title="bbox 196 3918 1154 4003; baseline 0.015 -31"><span class='ocrx_word' id='word_1_206' title='bbox 196 3918 248 3987; x_wconf 89' lang='lat'><strong>(9)</strong></span> <span class='ocrx_word' id='word_1_207' title='bbox 266 3935 371 3984; x_wconf 77' lang='lat' dir='ltr'><strong>noar.</strong></span> <span class='ocrx_word' id='word_1_208' title='bbox 394 3922 510 3976; x_wconf 65' lang='lat' dir='ltr'><strong>Horon</strong></span> <span class='ocrx_word' id='word_1_209' title='bbox 530 3923 717 3980; x_wconf 68' lang='lat' dir='ltr'><strong>lucennaco</strong></span> <span class='ocrx_word' id='word_1_210' title='bbox 731 3937 759 3982; x_wconf 78' lang='lat' dir='ltr'><strong>et</strong></span> <span class='ocrx_word' id='word_1_211' title='bbox 783 3929 816 3984; x_wconf 74' lang='lat' dir='ltr'><strong>do</strong></span> <span class='ocrx_word' id='word_1_212' title='bbox 831 3931 859 3985; x_wconf 77' lang='lat' dir='ltr'><strong>1ae</strong></span> <span class='ocrx_word' id='word_1_213' title='bbox 878 3937 1030 4003; x_wconf 65' lang='lat' dir='ltr'><strong>umigatus</strong></span> <span class='ocrx_word' id='word_1_214' title='bbox 1045 3937 1088 3990; x_wconf 76' lang='lat' dir='ltr'><strong>dn</strong></span> <span class='ocrx_word' id='word_1_215' title='bbox 1106 3953 1154 3990; x_wconf 68' lang='lat' dir='ltr'><strong>aa,</strong></span> 
     </span>
     <span class='ocr_line' id='line_1_33' title="bbox 104 4000 707 4156; baseline 0.027 -101"><span class='ocrx_word' id='word_1_216' title='bbox 104 4028 107 4033; x_wconf 93' lang='grc'><strong>“</strong></span> <span class='ocrx_word' id='word_1_217' title='bbox 158 4000 246 4056; x_wconf 60' lang='lat' dir='ltr'><strong>‘dms&#39;</strong></span> <span class='ocrx_word' id='word_1_218' title='bbox 260 4018 321 4073; x_wconf 53' lang='grc' dir='ltr'><strong>Ρη.</strong></span> <span class='ocrx_word' id='word_1_219' title='bbox 338 4019 399 4076; x_wconf 61' lang='lat'><strong>212</strong></span> <span class='ocrx_word' id='word_1_220' title='bbox 630 4080 661 4156; x_wconf 64' lang='grc' dir='ltr'><strong>Α</strong></span> <span class='ocrx_word' id='word_1_221' title='bbox 683 4085 707 4156; x_wconf 68' lang='grc'>5</span> 
     </span>
    </p>
   </div>
   <div class='ocr_carea' id='block_1_4' title="bbox 0 0 1490 5018">
    <p class='ocr_par' dir='ltr' id='par_1_8' title="bbox 0 0 1490 5018">
     <span class='ocr_line' id='line_1_34' title="bbox 0 0 1490 5018; baseline 0 5"><span class='ocrx_word' id='word_1_222' title='bbox 0 0 1490 5018; x_wconf 95' lang='lat' dir='ltr'><strong> </strong></span> 
     </span>
    </p>
   </div>
  </div>
 </body>
</html>
