2970 5018
373 444 1083 527 transcurrente
1160 400 1328 548 ne'

238 664 373 738 herren
400 688 487 737 aare.
514 665 591 734 olle
622 663 750 756 zp’dcn
782 685 828 732 en
863 663 957 733 door
979 661 1079 730 nood
1095 661 1145 754 ⁰f
1157 670 1235 732 met

237 781 339 851 wille
370 802 602 868 nannenten,
637 778 681 848 al
710 777 822 846 zulte
855 775 994 848 tavena
1027 798 1072 844 en
1095 780 1232 864 reete,

239 895 299 963 als
341 895 414 964 den
437 893 625 988 schipper
656 891 705 983 of
717 890 924 984 schippers
957 901 1015 960 tot
1045 889 1152 959 mt'tte
1189 911 1236 958 en
1336 905 1338 910 ’

238 1009 447 1100 rendering
476 1029 550 1077 van
583 1007 630 1074 de
663 1003 853 1096 coorsthr.
889 1005 966 1073 reis
984 1004 1235 1097 goeddunken

238 1120 313 1190 καὶ.
377 1121 525 1191 Horum
565 1128 687 1186 autem
716 1115 912 1191 verborum
939 1116 1235 1207 interpretationi

238 1235 373 1326 optimc
407 1232 612 1303 inserviunt
650 1232 742 1323 leges
775 1232 941 1323 patriae,
975 1253 1066 1324 quas
1093 1230 1137 1298 de
1168 1230 1236 1299 iti-

237 1349 337 1417 neris
360 1346 565 1416 mutatione
593 1345 710 1436 deque
744 1344 985 1415 declinatione
1017 1344 1063 1413 ab
1092 1343 1235 1414 itineris

238 1460 347 1529 cursu
386 1459 478 1527 latas
511 1457 585 1527 esse
616 1456 789 1527 vidimus·
809 1441 917 1550 (43).
975 1456 1114 1528 Narem
1136 1458 1237 1529 enim

237 1558 378 1663 semper
396 1571 443 1641 ad
457 1571 579 1641 locum
600 1571 818 1641 destinatum
826 1571 973 1640 tendere
984 1579 1151 1663 oportet,
1166 1592 1236 1641 ne·

239 1707 310 1776 que
325 1684 507 1765 navarcho
527 1684 572 1753 ab
581 1684 722 1754 itineris
731 1682 841 1753 cursu
851 1681 1038 1752 deflectere
1048 1684 1134 1753 licet
1145 1735 1156 1774 ‚
1169 1683 1238 1756 nili

239 1816 282 1863 ea
315 1795 505 1865 declinatio
544 1798 765 1889 navigationi
808 1796 912 1866 utilis
946 1796 1006 1868 vel
1034 1797 1240 1868 necestitate
1300 1884 1302 1897 Ι

239 1917 364 1976 coacta
394 1907 449 1978 fit.
499 1906 581 1976 Hae
614 1909 727 2001 igitur
758 1907 937 1978 clausulae
970 1911 1150 1980 navarcho
1179 1910 1239 1982 vet

239 2021 440 2089 assecurato
481 2043 618 2095 norum
645 2023 704 2092 ius
731 2046 807 2092 non
823 2062 825 2072 ι
839 2021 1035 2112 tribuunt,
1073 2023 1132 2094 fed
1158 2025 1240 2094 ideo

238 2133 410 2225 inprimis
444 2133 656 2204 inseruntur
668 2185 680 2225 ‚
709 2145 775 2225 ut,
806 2134 834 2206 fi
861 2138 963 2208 navis
983 2137 1029 2206 ad
1051 2137 1242 2233 deflecten-

239 2248 328 2317 dum
368 2257 494 2316 coacta
524 2258 598 2336 cst,
641 2249 869 2320 assecuratus
899 2261 1026 2321 contre
1053 2254 1241 2321 assecura-

239 2360 331 2432 toris
371 2361 601 2466 exceptiones
646 2371 757 2458 atque
810 2347 1058 2440 cavillationes
1098 2360 1242 2436 defendi

239 2469 356 2566 posfit
382 2462 490 2567 (44).

290 2583 412 2678 Supra
448 2587 540 2680 (hoc
571 2609 653 2690 cop.¹
692 2589 776 2662 l'ect.
816 2615 860 2678 ι,
893 2589 1051 2686 §1‚)
1032 2611 1110 2660 tam
1144 2589 1243 2662 ridi·-¹

214 2698 343 2773 'mus
359 2699 419 2769 de
450 2683 728 2795 constitutione,
776 2728 886 2797 quem
931 2703 1063 2773 codicis
1109 2699 1257 2774 Gallici·

240 2812 417 2884 articulus
449 2816 522 2886 562
547 2816 714 2907 exhibet,
750 2818 813 2887 ubi
836 2819 881 2886 de
903 2827 1070 2910 tempore
1093 2818 1213 2911 agitur
1225 2865 1240 2908 ,

242 2948 316 3018 quo
353 2930 527 3000 mercium
561 2932 602 3006 in
625 2933 756 3002 itinere
777 2941 1013 3002 oneratorum
1036 2930 1242 3024 periculum

241 3038 405 3130 incipiat.
470 3042 568 3114 Illud
592 3044 765 3114 nimirum
790 3043 894 3114 dictis
926 3043 1097 3115 clausulis
1127 3043 1245 3115 effici·

242 3159 331 3237 tur,
363 3164 407 3222 ut
439 3155 490 3245 n,
524 3157 610 3231 navi
640 3157 686 3227 ad
722 3167 871 3250 portum
897 3159 1149 3231 intermedium
1171 3181 1245 3250 ap-
1325 3182 1328 3189 ·

241 3261 346 3356 pulsa
358 3312 370 3352 ,
395 3268 616 3356 assecuratus
639 3295 777 3343 meroes
799 3273 933 3345 vendet
955 3282 993 3344 et
1015 3272 1246 3346 venditarum
1292 3317 1297 3328 ·

244 3376 418 3448 mercium
450 3381 571 3470 pretio
593 3385 681 3453 elias
704 3409 841 3457 merces
864 3398 963 3458 emat
985 3387 1142 3478 narique
1170 3386 1248 3454 ini-.-

241 3499 381 3588 ponet,
414 3513 477 3562 ene
508 3491 593 3571 loco
614 3497 843 3577 venditemus
868 3500 957 3592 lint,
993 3499 1083 3571 adeo
1107 3507 1161 3571 ut·
1174 3518 1247 3591 pd-¹

1187 3631 1246 3682 n·

280 3894 349 3962 (43)
366 3895 454 3952 Amst
471 3909 518 3951 tn.
536 3897 564 3950 6.
584 3897 794 3969 Mdd.ert.14
811 3901 889 3957 non
906 3911 956 3958 att.
973 3913 1025 3968 50,
1041 3914 1087 4016 sa.
1201 3942 1204 3951 .

282 3979 354 4050 (44)
371 3994 509 4038 centena
528 3982 566 4036 11.
588 3998 649 4052 pig.
663 3986 725 4050 368.
