2970 5018
327 440 378 527 5⁰
541 440 637 513 DE
686 436 1175 514 PERICULO·

333 653 361 735 {i
395 677 453 723 res
496 653 670 744 quaedam
702 652 865 744 existat,
918 655 989 723 alia
1032 677 1176 747 quoque
1215 653 1332 727 adesse

332 766 569 852 existimanda
592 766 645 837 fit.
697 765 779 839 Hae
802 768 913 860 igitur
942 768 988 839 ab
1022 770 1158 861 origine
1185 768 1246 836 sua
1268 768 1332 835 iu-

332 880 391 953 ris
410 882 691 972 praesumtiones
713 881 907 971 dicuntur,
933 905 1067 973 eaeque
1092 881 1238 968 valent,
1263 881 1332 948 do-

331 1018 399 1066 nec
418 995 619 1065 contrariae
639 995 693 1065 rei
715 992 931 1085 probatione
954 1005 1189 1070 enerventur.
1216 993 1267 1064 At
1285 1017 1333 1064 ne

331 1109 392 1183 hio
413 1108 555 1199 quidem
566 1107 660 1199 leges
681 1107 914 1183 substiterunt
927 1158 938 1197 ‚
953 1108 1010 1177 sed
1026 1107 1208 1183 interdum
1220 1129 1333 1198 prae-

335 1218 574 1299 sumtionibus
594 1219 739 1312 plenam
757 1221 848 1291 iuris
868 1221 943 1295 rim
960 1244 1002 1291 ac
1024 1220 1171 1292 effectus
1190 1220 1332 1308 tribue-

334 1344 436 1413 runt.

385 1445 512 1516 Talem
533 1444 865 1536 praesumtionem,
894 1470 987 1539 quae
1008 1447 1107 1517 iuris
1130 1457 1167 1516 et
1180 1448 1226 1515 de
1247 1446 1332 1514 iure

334 1556 467 1652 dicitnr
478 1609 489 1649 ,
499 1560 558 1629 lex
567 1559 707 1629 Gallica
722 1556 825 1631 Art0.
839 1562 912 1632 566
931 1562 1114 1635 constituit
1125 1611 1136 1650 ,
1146 1571 1182 1630 et
1191 1561 1333 1629 assecu-

333 1686 454 1749 ratum
477 1674 535 1748 rel
567 1674 847 1747 assecuratorem
876 1677 930 1746 rei
962 1676 1152 1746 interitum
1181 1673 1240 1746 rel
1268 1672 1336 1741 ad·

333 1798 483 1863 tentum
517 1787 606 1859 scire
626 1788 786 1883 potuisse
815 1786 941 1876 finxit,
979 1788 1006 1856 sr
1039 1789 1138 1857 inter
1163 1796 1335 1857 eventum

331 1911 370 1971 ot
390 1911 610 1971 contractam
632 1903 928 1973 assecurationem
947 1888 1037 1970 certi
1051 1899 1235 1990 temporis.
1248 1898 1335 1988 spa·

332 2015 425 2086 tium
438 2014 632 2087 effluxerit.
660 2015 932 2115 Quaeriautem
943 2022 1082 2107 potest,
1101 2035 1190 2082 num
1202 2013 1333 2080 secun-

331 2126 419 2203 ‹lum
451 2127 544 2197 hanc
567 2129 679 2220 legem
705 2129 790 2205 huic
819 2128 886 2201 uni
912 2123 1163 2215 rescindendae
1189 2125 1332 2193 assecu-
1455 2212 1459 2219 ι

331 2240 483 2313 rationis
503 2242 558 2311 ris
577 2243 739 2313 concessa
762 2242 827 2332 fit,
852 2243 941 2313 adeo
968 2254 1012 2313 ut
1039 2239 1085 2310 ab
1118 2239 1197 2308 aliis
1217 2260 1330 2329 prae-

327 2348 570 2427 sumtionibus
601 2353 848 2425 abstinendum
871 2355 945 2426 esse
968 2356 1143 2428 videatur.
1182 2349 1262 2422 Lex
1282 2353 1334 2419 ita

330 2466 421 2537 mihi
456 2468 685 2563 intelligenda
727 2492 803 2539 non
839 2470 1013 2558 videtur3
1058 2469 1193 2539 dicitur
1235 2466 1332 2536 enim

333 2576 438 2653 Art0.
464 2583 535 2655 565
568 2583 783 2677 generaliter
799 2593 1038 2655 ,contractum
1063 2584 1206 2675 nullum
1235 2582 1329 2667 esse,

325 2689 620 2787 sipraasumtio
647 2709 724 2787 est,
759 2696 926 2791 aliquem
955 2698 1259 2767 contrahentium
1289 2715 1332 2757 e-

289 2855 302 2878 .
329 2817 463 2877 ventus
484 2811 684 2879 certiorem
706 2812 784 2903 asse
804 2810 992 2903 potuisse.
1045 2809 1137 2909 Cum
1161 2830 1248 2878 roro
1275 2805 1332 2901 le-

329 2917 479 3012 gislator
502 2923 663 3015 sequenti
697 2921 800 2996 Art0.
836 2921 1120 3016 praesumtioni,
1160 2941 1251 3009 quae
1286 2938 1331 2987 ex

331 3054 462 3123 magna
508 3035 562 3102 rei
592 3035 901 3108 verisimilitudine
936 3037 1086 3121 oritur,
1131 3030 1331 3100 absolutam

331 3142 511 3237 probandi
532 3146 605 3217 vim
639 3148 799 3238 tribuat,
831 3150 964 3220 idcirco
991 3148 1109 3238 priori
1126 3144 1333 3214 constituti-

331 3259 396 3327 oni
424 3282 502 3329 non
530 3259 713 3352 derogasse
736 3263 932 3332 censendus
963 3273 1029 3330 est.
1082 3258 1331 3349 Quaecunque

330 3372 429 3457 enim
460 3373 743 3464 praesumtiones
775 3375 945 3464 admifit,
985 3375 1042 3444 sed
1075 3376 1121 3444 ad
1160 3372 1332 3443 tuendam

333 3483 467 3573 bonam
484 3474 589 3561 tidem
621 3497 657 3556 et
688 3487 899 3558 avertendas
923 3487 1094 3576 fraudes,
1121 3489 1212 3577 uni,
1240 3507 1333 3578 quac

331 3598 459 3673 ceteris
480 3621 604 3669 rerum
622 3600 800 3675 evidentia
811 3612 1036 3692 praestaret,
1061 3603 1234 3673 maiorem
1258 3583 1331 3670 vim

330 3711 496 3801 tribuisse
517 3713 673 3785 videtur.
725 3714 802 3785 Nifi
821 3715 912 3793 illud
941 3717 1100 3788 voluerit
1128 3713 1331 3808 legislator,
1403 3760 1404 3764 ,

315 3835 429 3893 certe
454 3849 527 3893 non
549 3827 691 3895 dixisset
714 3828 755 3903 la
776 3829 1015 3927 presomtion
1037 3827 1177 3914 exista,
1197 3823 1262 3897 sed
1288 3814 1333 3892 ut

334 3931 555 4023 indefinitam
582 3942 829 4031 praecedentis
867 3941 1013 4019 uticuli
1041 3927 1361 4019 constitutionem.

824 4078 826 4085 .
1159 4098 1164 4103 ,
1271 4072 1336 4122 m,
