2970 5018
404 428 1104 538 assncuaAroara
1179 465 1251 535 aa

259 696 306 752 na
336 679 398 771 ipfi
434 678 570 770 optima
588 677 755 765 videtur,
776 673 1021 744 assecuratum
1043 697 1118 745 non
1140 697 1253 766 opor-
1343 750 1346 757 ,

257 803 310 861 tet
340 786 528 860 navarcho'
556 800 695 858 certum
721 787 982 879 definitumque
1003 787 1146 855 itineris
1168 811 1253 856 cur·

255 904 335 972 sum
379 901 632 995 praescribere.
691 900 870 990 Etenim,
905 925 990 969 eum
1019 899 1065 968 fic
1097 899 1257 992 eligendi.

255 1015 465 1084 facultatem
498 1014 682 1083 navarcho
715 1013 932 1104 praeripiat,
969 1013 1251 1082 assecuratorem

250 1130 363 1197 etiam
422 1124 607 1197 commodo
655 1125 811 1216 privasse
865 1124 1126 1194 existimandus
1179 1135 1247 1194 est.

253 1239 504 1309 Assecuratori
546 1247 668 1305 autem
701 1237 930 1328 praesumere
961 1237 1047 1306 licet
1059 1288 1070 1327 ,
1113 1261 1250 1310 nevar-

251 1355 359 1423 chum
394 1350 609 1422 tutisfimam
639 1353 735 1421 viam
756 1352 975 1423 electurum.
998 1391 1048 1404 -
1070 1350 1164 1422 Cum
1181 1376 1248 1424 ve·
1289 1406 1297 1419 .

248 1490 292 1536 ro
341 1466 443 1536 navis
485 1463 605 1554 perit,
652 1474 845 1555 antequam
889 1466 936 1539 ad
977 1465 1098 1534 locum
1143 1477 1247 1538 vecta

248 1579 312 1663 fit,
339 1578 435 1647 unde
458 1577 553 1647 varii
577 1577 720 1646 itineris
746 1581 870 1649 cursus
893 1579 1083 1670 divergunt
1095 1629 1106 1668 ,
1136 1604 1246 1650 man—

248 1690 322 1758 dati
348 1690 537 1758 reticentia
559 1689 738 1780 polizzam
763 1714 838 1762 non
862 1694 992 1782 vitiat,
1017 1718 1100 1761 cum
1123 1717 1166 1762 ea
1182 1717 1247 1763 as-

248 1804 462 1872 securatoris
494 1804 701 1896 periculum
725 1828 801 1874 non
826 1808 989 1878 auxerit·
1031 1805 1098 1875 Sed
1123 1806 1149 1876 fi
1172 1826 1273 1902 rra-³¹

247 1918 303 1986 vis
339 1940 384 1984 ex
416 1918 609 1985 assecurari
633 1918 804 1987 mandato
830 1918 1076 2011 periculofiori
1101 1919 1243 1990 itineris
1350 1954 1352 1958 ·

245 2031 353 2098 cursu
377 2031 548 2119 vehitur,
585 2029 677 2098 illud
701 2052 771 2122 pro
796 2034 1036 2104 declinatione
1059 2032 1104 2102 ab
1128 2035 1243 2106 itine-

223 2155 285 2211 ‘re
314 2142 518 2213 habendum
545 2143 688 2216 videtur
713 2141 824 2242 (40).

706 2372 782 2469 §a

302 2598 365 2671 'De
395 2599 569 2693 clausula
593 2597 684 2671 faire
707 2598 841 2671 echelle
865 2597 1025 2693 aliisque
1050 2597 1161 2668 clau·

424 2714 529 2810 salis
541 2764 554 2806 ,
580 2738 676 2809 quae
709 2714 784 2786 aaa
811 2714 1020 2806 pertinent.

284 2937 343 3010 Ex
374 2929 448 3031 iis,
476 2964 568 3034 quae
591 2941 663 3011 huc
687 2963 805 3032 usque
829 2938 873 3008 de
897 2937 1064 3030 periculo
1088 2937 1234 3011 assecu-
1268 2965 1270 2970 ·
1337 2937 1347 2972 ’·

236 3054 370 3120 ratoris
394 3056 435 3124 in
459 3057 538 3147 ipsa
561 3056 790 3148 navigatione
814 3052 1042 3143 dictasunt,
1068 3055 1235 3123 necessa-

235 3163 332 3231 rium
368 3167 440 3232 esse
476 3169 657 3258 vidimus,
691 3177 734 3237 ut
764 3169 834 3237 iter
855 3167 1095 3255 assecuratum
1119 3192 1232 3238 accu-

234 3285 313 3344 rate
350 3300 433 3344 cum
466 3299 509 3346 eo
535 3285 749 3370 conveniat,
777 3281 874 3374 quod
897 3281 1040 3374 polizaa
1065 3280 1230 3373 defigna-

234 3398 311 3457 tur.
362 3388 454 3458 Cum
479 3413 565 3461 vero
589 3394 631 3462 in
653 3394 762 3464 rebus
787 3391 959 3488 agendis,
984 3395 1056 3465 alia
1077 3392 1122 3462 ab
1144 3393 1229 3462 aliis
1289 3382 1292 3389 ¹

233 3502 415 3593 pendeant
448 3512 485 3571 et
507 3503 621 3572 multa
646 3505 781 3575 cafibus
805 3506 1003 3598 inopinatis
1028 3515 1064 3573 et
1088 3503 1228 3574 fortui-
1318 3563 1322 3572 .
1348 3579 1350 3584 ,

232 3615 280 3682 tis
311 3614 370 3698 rel
403 3615 510 3687 etiam
534 3619 689 3709 tempori
712 3617 1010 3694 accommodanda
1042 3615 1133 3709 tint,
1158 3619 1228 3687 ad·
1258 3661 1261 3669 ·
1351 3604 1353 3608 ¹

1141 3752 1225 3803 mo-

264 4007 334 4081 (40)
351 3988 495 4067 rrnrscan⁸
507 4006 543 4063 11.
563 4024 621 4083 pag.
640 4023 702 4079 409.
