2970 5018
373 454 1079 549 asssacuaa'roars.
1158 468 1226 556 a,

205 761 207 766 .
237 673 428 765 specimine
455 680 622 749 accurate
654 667 886 743 definiantur.-
921 710 971 727 -··
1002 672 1095 743 Est·
1109 683 1232 757 autem

236 811 303 876 ea,
330 787 469 859 ratione
481 784 660 878 periculi,
681 783 868 877 singularis
893 784 1245 877 quaedamspeciee‚'

238 924 330 994 quae
359 912 491 977 natura
529 900 590 967 sua
624 921 690 967 nec
728 897 992 983 assecurationi,
1019 900 1234 988 mercium,

236 1036 309 1093 nec,
327 1014 432 1082 etiam
465 1012 568 1083 navis
590 1001 845 1099 assecurationi
873 1011 1142 1103 aequiparando
1157 1022 1252 1097 est„

238 1125 404 1197 Simulac-
433 1127 477 1195 de
508 1123 686 1195 mercibus
723 1128 933 1211 convenerit
975 1138 1013 1196 et
1053 1128 1158 1198 navis
1186 1125 1233 1197 ad

237 1239 483 1317 onerationem
513 1250 600 1329 apta
633 1238 677 1307 srt
707 1249 833 1330 atque
848 1239 1053 1330 instructa,
1091 1251 1234 1325 certum¹

238 1351 601 1423 exercitorinaulum
625 1362 704 1442 est,
726 1352 795 1425 ,nifi
823 1359 933 1423 maris
961 1354 1162 1424 infortunia
1174 1353 1235 1440 ‚il-

238 1466 305 1536 lud
324 1465 390 1557 ipli
413 1466 580 1555 eripiant.
631 1463 729 1534 Fieri
756 1465 867 1557 igitur
894 1477 1039 1558 potest,
1064 1478 1108 1536 ut
1126 1488 1236 1535 exer·-

239 1579 332 1647 citor
360 1577 476 1647 omissi
511 1577 611 1667 nauli
641 1579 812 1663 damnum
845 1580 1002 1670 sentiat,
1040 1589 1236 1672 antequam

239 1712 374 1761 merces
398 1693 481 1760 navi
504 1690 573 1761 fint
603 1692 814 1787 impostae,
840 1714 923 1761 curn
950 1717 1075 1763 earum
1105 1694 1238 1763 interi-

239 1817 282 1876 tu
306 1804 415 1874 naulo
442 1806 664 1895 privaretur.
693 1804 837 1898 ,Atque
861 1789 906 1874 sic
930 1806 1117 1895 videmus,
1138 1831 1236 1877 nau-

236 1919 266 1989 ‹li
288 1919 492 2010 periculum
523 1945 598 1991 non
630 1919 677 1989 ab
708 1919 882 2012 impositis
914 1920 1000 1991 navi
1031 1920 1235 2017 mercibus,

238 2031 298 2102 sed
310 2031 364 2101 -ab
383 2033 538 2115 initade
556 2033 791 2125 deportandis
820 2033 997 2123 mercibus
1021 2035 1237 2107 conventio-

240 2169 287 2215 ne
308 2136 539 2218 derivandurn
562 2149 644 2218 esse.
678 2186 728 2199 -
757 2145 851 2238 Sed,
886 2149 1049 2240 quamvis
1080 2149 1150 2217 hoo
1173 2171 1238 2216 re-

242 2260 363 2350 spectu
385 2261 575 2330 exercitori
606 2270 746 2344 certum
768 2259 822 2347 jfit
851 2261 1027 2349 naulum,
1063 2261 1155 2330 inita
1176 2270 1238 2328 ta-

241 2396 325 2442 men
358 2373 597 2465 chartapartia
628 2374 702 2465 sola
738 2374 831 2443 hanc
873 2375 1124 2458 certitudinem
1161 2397 1237 2442 non

241 2494 413 2579 praestat.
458 2484 586 2557 Donec
606 2487 703 2580 'enim
725 2509 859 2558 merces
870 2538 882 2578 ,
907 2489 951 2557 de
970 2509 1125 2580 quarum
1139 2509 1239 2581 jone-

241 2600 383 2669 ratione
404 2601 597 2691 convenit,
618 2601 664 2693 ad
686 2602 905 2673 onerandam
926 2623 1053 2669 navem
1071 2623 1147 2667 non
1161 2599 1239 2666 sus-

242 2711 386 2803 ficiant‚
413 2714 590 2805 incertum
608 2727 685 2806 est,
708 2741 797 2785 num
813 2715 916 2784 navis
928 2713 1048 2781 itineri
1067 2715 1237 2782 commit-

242 2828 354 2903 tenda
369 2829 451 2898 en't.
478 2827 517 2896 si
536 2830 647 2922 igitur
668 2832 774 2900 navis
791 2829 910 2920 perit,
925 2837 1238 2897 oneratatantum

244 2943 424 3019 mercium,
445 2951 577 3034 parte„
611 2943 681 3027 dici
712 2943 808 3017 haud
835 2951 978 3033 potest,
1005 2943 1239 3015 exercitoreor

244 3057 346 3127 nauli
370 3057 709 3148 fecisseiacturam,
735 3057 856 3150 quod,
876 3056 989 3148 plena
1014 3079 1057 3124 ao
1077 3042 1239 3148 perfeeto

245 3170 450 3243 oneratione
463 3223 475 3262 ,
489 3173 702 3267 *accepisset

266 3298 275 3359 ,·
295 3279 399 3366 Quae
417 3287 567 3354 comita
588 3286 679 3375 sint,
706 3284 893 3369 videmus,
921 3306 1030 3379 quam
1042 3280 1185 3355 difficile
1197 3276 1240 3353 fit

244 3396 293 3475 in*
305 3395 561 3466 assecuratione
589 3401 711 3487 nauli,
738 3399 891 3492 periculi
908 3398 1052 3469 initium
1075 3392 1236 3494 definire.

244 3508 289 3578 In
309 3494 439 3601 genere
458 3509 555 3576 enim
577 3512 755 3601 praesumi
781 3515 933 3605 nequit,
960 3510 1107 3601 plenum
1131 3516 1242 3599 atque

242 3602 450 3717 perfectum,
474 3623 576 3693 navis
612 3647 704 3711 onus
732 3624 873 3712 fuisse,
897 3643 1027 3711 neque
1058 3621 1165 3689 etiarn
1193 3619 1240 3697 ab

243 3739 335 3807 inita
353 3735 597 3826 chartapartia
620 3735 841 3803 assecurator
860 3734 930 3802 sese
951 3730 1121 3823 obligasse
1142 3731 1241 3801 exis·

243 3848 425 3919 timendus
451 3859 531 3939 est,
566 3850 703 3941 quippe
725 3870 807 3914 cum
837 3846 1030 3915 inteream
1054 3855 1243 3917 etonera·
1268 3843 1273 3856 ¹
1315 3846 1319 3852 ’

244 3962 379 4032 tionem
401 3963 682 4061 saepemagnum
706 3960 878 4053 temporis
890 3959 1043 4055 spatium
1063 3950 1238 4061 elabatur.
1337 4058 1340 4063 Ι

1151 4072 1242 4143 Ma—
