2970 5018
391 464 1086 540 sssncnnaronls.
1196 475 1244 566 37

246 683 314 752 bus
346 680 486 751 nullam
510 666 589 748 sesse
601 729 613 768 ,
641 701 727 745 cum
762 676 788 745 fi
827 676 919 745 alter
955 680 1243 752 contrahentium

245 807 415 869 eventum
432 794 520 862 scire
538 793 696 884 potuisse
716 790 773 860 vel
805 780 946 858 scivisse
979 794 1241 883 praesumitur,

242 922 322 979 tum
352 909 459 977 etiam
475 905 519 1005 ι,Γι
543 915 712 976 eventum
740 901 817 992 ipsi·
841 903 1022 994 cognitum
1047 907 1128 974 *esse
1150 929 1244 997 pro·-

242 1022 363 1092 batur.
415 1019 704 1090 Praesumtiones
748 1016 978 1111 exposuimus
1017 1041 1109 1107 eas,
1149 1043 1242 1110 quae

242 1138 330 1206 facti
358 1136 429 1206 five
454 1131 609 1202 hominis
642 1130 750 1216 sunt,
776 1137 813 1195 et
836 1151 936 1218 earn,
973 1154 1064 1222 quae
1089 1133 1165 1223 ipsa
1184 1133 1242 1201 le-

241 1274 284 1342 ge
313 1248 567 1328 constituitur3
609 1263 709 1310 nuno
742 1250 861 1309 autem
895 1243 1020 1332 paucis
1046 1244 1240 1314 videndum

239 1366 312 1432 erit
329 1364 372 1431 dc
391 1362 553 1445 ratione,
581 1378 653 1447 qua
673 1352 983 1446 probaripotest,
1006 1358 1058 1424 rei
1069 1369 1239 1427 eventum

240 1488 325 1546 ante
357 1484 577 1543 contractam
604 1468 899 1536 assecurationem
927 1468 972 1536 ab
994 1495 1068 1538 uno
1091 1483 1240 1540 eontra-

240 1590 404 1658 hentium
434 1584 616 1676 cognitum
648 1581 782 1670 suisse,
824 1581 939 1673 deque
979 1583 1088 1652 huius
1131 1585 1239 1655 srau-

240 1701 295 1766 dis
319 1720 450 1790 poena.

290 1811 412 1881 Haec,
429 1808 597 1878 admissae
626 1807 764 1879 fraudis
801 1805 968 1898 probatio
1002 1810 1236 1880 assecuratori

241 1927 297 2010 vel
328 1900 542 1995 assecurato
562 1923 662 1992 omni
685 1944 810 1997 rerum=
829 1922 1031 1990 conditione
1052 1923 1148 1992 licita
1168 1935 1233 1993 est.

239 2041 320 2107 Sive
352 2037 469 2125 enim,
495 2036 580 2127 legis
600 2045 765 2125 tempore
786 2035 927 2125 elapso,
961 2022 1235 2127 praesumtionis

240 2150 580 2242 savoregaudeant,
600 2148 671 2217 sive
695 2148 799 2215 etiam
819 2149 911 2217 hano
933 2153 1233 2242 praesumtionem

240 2265 402 2333 nondum
433 2262 707 2353 acquifiverint,
742 2261 786 2329 ad
822 2263 1045 2353 probandam
1081 2266 1133 2333 rei
1169 2290 1235 2333 co-

239 2377 433 2465 gnitionem
460 2374 600 2468 semper
623 2376 874 2449 admittuntur.
926 2379 1006 2447 Lex
1027 2379 1102 2467 ipsa
1127 2378 1230 2447 Art0.

238 2489 311 2557 566
322 2489 411 2558 illud
423 2489 542 2557 innuit
556 2512 565 2557 τ
583 2491 681 2578 sans
686 2491 887 2583 prdjudiee
900 2491 966 2557 des
975 2500 1105 2556 autres
1109 2513 1235 2578 prau-

242 2625 315 2671 ves.
367 2601 539 2692 Iniquum
561 2603 656 2670 enim
689 2604 777 2671 esset
790 2653 802 2692 ,
829 2602 855 2670 fi
880 2602 968 2691 legis
988 2603 1232 2692 praesumtio,

240 2716 284 2785 ad
309 2716 539 2787 avertendam
567 2715 729 2784 fraudem
765 2713 985 2802 constituta,
1009 2715 1121 2783 malae
1152 2716 1233 2786 fidei

212 2808 216 2817 ⁸
239 2829 509 2899 contrahentem
526 2826 662 2896 fraudis
684 2850 801 2917 poena
831 2825 1012 2914 liberaret.
1063 2827 1232 2922 Denique

238 2940 373 3010 fraudis
394 2939 601 3032 probandae
622 2939 773 3008 facultas
793 2962 869 3008 non
889 2941 1032 3011 tollitur
1051 2943 1208 3012 clausula
1219 2997 1230 3033 ,
1268 3004 1274 3020 ,

240 3078 313 3144 qua
339 3054 551 3125 assecuratio
579 3054 620 3122 in
654 3077 799 3142 omnem
830 3066 1002 3126 eventum
1032 3056 1127 3127 facta
1160 3061 1232 3127 esse

237 3166 381 3234 dicitur.
404 3183 409 3191 ·
430 3169 485 3237 Ea
524 3169 619 3236 enim
648 3167 734 3260 legis
768 3178 910 3237 tantum
936 3171 1152 3261 praesumtio
1167 3172 1234 3239 'es-

238 3280 336 3348 sectu
368 3280 597 3371 destituitur,
626 3281 682 3350 sed
714 3281 815 3350 nulla
842 3283 1009 3374 pactione
1032 3282 1124 3353 effici
1157 3308 1232 3375 po-

237 3402 329 3476 test,
352 3414 397 3458 ne
429 3391 530 3460 dolus
563 3405 767 3482 praestetur
793 3396 898 3487 (65).

247 3580 252 3601 -.
288 3502 396 3592 Quod
417 3503 462 3571 ad
484 3505 659 3574 rationem
689 3510 838 3595 attinet,
875 3533 947 3598 qua
975 3506 1142 3598 probatio
1171 3507 1235 3576 illa

236 3617 316 3688 fieri
344 3626 488 3710 potest,
518 3639 560 3685 ea
591 3617 649 3688 vel
667 3619 798 3688 directe
822 3619 984 3709 obtinet,
1009 3621 1066 3712 uti
1086 3621 1234 3690 testium

1162 3754 1235 3803 au-

275 3955 341 4027 (63)
358 3957 377 4011 1.
397 3971 440 4026 27.
461 3958 474 4028 ς
491 3971 516 4024 3.
536 3959 566 4014 ff.
581 3955 614 4014 de
632 3954 926 4112 PscttB-goruua.
943 3954 1000 4013 No.
1017 3969 1061 4025 24.
