2970 5018
233 478 303 549 160
442 467 538 539 DE
586 466 1017 543 PERICULO

232 686 319 759 hinc
352 681 546 769 oriuntur,
571 680 807 751 assecuratori
830 706 907 754 non
930 683 1016 754 sunt
1038 681 1242 778 imputans

232 798 280 870 da
304 795 396 889 (5).
721 886 724 890 .
913 788 918 794 ’

247 994 250 1001 .
284 909 345 980 De
381 908 470 977 locis
506 906 642 999 igitur,
679 928 771 998 quae
807 930 877 1000 pro
910 906 1013 987 urbis
1047 910 1244 981 cuiusdam

234 1034 348 1119 portu
383 1015 442 1095 vel
474 1019 622 1090 [tatione
645 1018 772 1088 haberi
796 1013 976 1113 possunt,
1002 1015 1248 1099 consuetudi-

234 1161 283 1208 ne
308 1132 467 1223 constat,
502 1132 644 1224 aliaque
668 1155 796 1201 norma
819 1129 1037 1204 admittenda
1059 1127 1132 1205 ease
1158 1137 1247 1206 non

234 1250 390 1325 videtur.
448 1239 524 1315 Nili
560 1243 817 1314 consuetudine
851 1258 997 1341 recepta
1021 1242 1111 1338 sint,
1137 1249 1249 1318 asse-

236 1370 384 1432 curator
416 1357 538 1428 damni
561 1356 787 1427 restitutione
811 1383 886 1428 non
910 1369 1079 1449 tenetur,
1103 1361 1248 1430 etiam·

237 1476 266 1547 sr
298 1474 398 1544 locus
434 1469 519 1540 urbi
554 1470 597 1540 fit
626 1469 802 1540 finitimus
827 1484 863 1542 et
889 1475 1079 1543 maximam
1100 1476 1248 1550 meroi-

237 1584 307 1659 bue
343 1585 535 1655 onerandis
571 1584 777 1654 facilitatem
811 1595 848 1654 et
874 1587 1099 1658 securitatem
1121 1611 1246 1680 prae-

237 1689 333 1776 beat.
404 1698 640 1770 Aesecurator
686 1699 784 1767 enim
827 1701 990 1792 periculo
1030 1700 1244 1794 liberatur,

236 1816 324 1908 quia
354 1813 446 1882 illud
476 1813 516 1882 in
544 1811 625 1881 loco
656 1810 861 1904 designato,
899 1835 976 1885 non
998 1815 1038 1885 in
1056 1810 1129 1885 alio
1152 1798 1248 1888 sus·-

237 1927 335 2020 cepit
360 1926 444 2018 (6).

241 2128 246 2133 ἣ
287 2040 381 2109 Cum
413 2035 454 2107 in
487 2036 568 2107 iure
604 2033 744 2107 Gallico
782 2028 954 2109 navarent
977 2050 1243 2119 ettnuutarum
1332 2116 1335 2121 ,

235 2132 325 2230 vitia
356 2162 466 2243 atque
499 2148 714 2243 negligentia
742 2150 1002 2223 assecuratione
1027 2179 1103 2224 non
1130 2179 1244 2228 eom-

236 2266 535 2369 prehendantur,
561 2262 725 2354 pericula
756 2289 901 2358 quoque
928 2269 1151 2340 enerationis
1174 2280 1243 2341 at·-

239 2404 313 2477 que
346 2373 611 2450 exonerationis
644 2377 691 2446 ad
722 2378 1003 2451 assecuratorem
1037 2406 1112 2489 non
1145 2407 1244 2515 per--⁴

237 2498 371 2587 tinent.
409 2491 555 2563 Damna
573 2491 670 2560 enim
684 2490 863 2583 disruptis
881 2491 1034 2566 funibus
1052 2496 1111 2570 vel
1132 2494 1242 2570 nevis

240 2609 335 2682 vecti
368 2617 450 2677 orta
477 2600 540 2674 fibi
559 2599 634 2697 ipse
658 2604 838 2697 imputare
858 2598 962 2677 debet
988 2609 1241 2702 asseruntur,

239 2721 298 2794 vel
339 2743 383 2789 ea
426 2716 598 2791 navarchi
641 2715 876 2811 negligentiae
917 2713 1110 2793 tribuenda
1136 2724 1239 2795 sunt.

240 2831 281 2903 si
317 2843 438 2902 autem
452 2867 456 2874 ’
470 2831 570 2902 casus
602 2826 696 2902 forte
730 2830 866 2902 accidat
894 2830 1081 2923 insolitus,
1126 2859 1244 2928 quem

240 2922 444 3018 nauarchus
485 2945 692 3038 prospicere
731 2969 797 3016 nec
832 2970 957 3019 cavere
994 2943 1113 3041 potuit
1125 2996 1137 3039 ‚
1168 2944 1245 3021 vel

242 3059 349 3130 etiam
390 3057 418 3126 s1
451 3058 562 3129 vectis
594 3058 763 3151 publicus
793 3056 982 3152 inopinato
1014 3070 1242 3154 rumpatur,

240 3170 329 3243 adeo
375 3179 418 3239 ut
457 3166 644 3261 suspensae
691 3183 802 3242 ruant
834 3197 969 3244 merces
1000 3186 1038 3247 et
1064 3158 1241 3247 domnum

241 3283 446 3378 accipiant,
480 3282 600 3355 casum
631 3306 700 3376 pro
729 3281 882 3356 fortuito
913 3298 952 3358 et
982 3272 1241 3369 assecuratoris

238 3398 403 3494 periculo
458 3395 617 3467 subiecto
667 3395 871 3470 habendum
923 3399 997 3472 esse
1055 3399 1237 3475 existimo.

111 3610 114 3617 1
239 3514 342 3586 Haec
391 3512 489 3585 enim
536 3511 788 3607 interpretatio
845 3534 929 3586 cum
968 3514 1123 3591 artiettlo
1160 3519 1237 3588 528

1142 3655 1241 3703 con*

211 3812 213 3816 Α
272 3856 324 3951 (5)
341 3845 480 3916 tannen
499 3859 542 3915 n.
560 3861 631 3928 [ap.
649 3862 678 3919 θ.
692 3858 807 3926 Alfeno.
825 3871 853 3916 ι.
868 3855 932 3931 pag⁸¹
950 3870 1012 3932 217.
1029 3892 1061 3911 .
1078 3871 1179 3919 ικη.
1198 3859 1244 3917 tr:

239 3939 546 4101 ughelliana
563 4028 594 4085 11.
610 4042 637 4086 et
655 4042 817 4090 ιιιιιιιι
835 4028 913 4088 nin
