<?xml version="1.0" encoding="UTF-8"?>
<!DOCTYPE html PUBLIC "-//W3C//DTD XHTML 1.0 Transitional//EN"
    "http://www.w3.org/TR/xhtml1/DTD/xhtml1-transitional.dtd">
<html xmlns="http://www.w3.org/1999/xhtml" xml:lang="en" lang="en">
 <head>
  <title>
</title>
<meta http-equiv="Content-Type" content="text/html;charset=utf-8" />
  <meta name='ocr-system' content='tesseract 3.04.00' />
  <meta name='ocr-capabilities' content='ocr_page ocr_carea ocr_par ocr_line ocrx_word'/>
</head>
<body>
  <div class='ocr_page' id='page_1' title='image "./depericuloquoda00backgoog_0047.png"; bbox 0 0 2970 5018; ppageno 0'>
   <div class='ocr_carea' id='block_1_1' title="bbox 239 448 1019 561">
    <p class='ocr_par' dir='ltr' id='par_1_1' title="bbox 239 448 1019 561">
     <span class='ocr_line' id='line_1_1' title="bbox 239 448 1019 561; baseline -0.017 -26"><span class='ocrx_word' id='word_1_1' title='bbox 239 482 285 561; x_wconf 60' lang='lat'>19</span> <span class='ocrx_word' id='word_1_2' title='bbox 447 448 1019 527; x_wconf 68' lang='lat' dir='ltr'>unewanno</span> 
     </span>
    </p>
   </div>
   <div class='ocr_carea' id='block_1_2' title="bbox 205 663 1322 3586">
    <p class='ocr_par' dir='ltr' id='par_1_2' title="bbox 227 663 1233 1213">
     <span class='ocr_line' id='line_1_2' title="bbox 227 663 1231 768; baseline -0.002 -26"><span class='ocrx_word' id='word_1_3' title='bbox 227 667 515 768; x_wconf 82' lang='lat' dir='ltr'>peutcontenir</span> <span class='ocrx_word' id='word_1_4' title='bbox 534 685 659 734; x_wconf 84' lang='lat' dir='ltr'><strong><em>aucun</em></strong></span> <span class='ocrx_word' id='word_1_5' title='bbox 681 663 831 758; x_wconf 82' lang='lat' dir='ltr'>blanc.)</span> <span class='ocrx_word' id='word_1_6' title='bbox 882 664 991 754; x_wconf 90' lang='lat' dir='ltr'>Quod</span> <span class='ocrx_word' id='word_1_7' title='bbox 1013 687 1098 736; x_wconf 88' lang='lat' dir='ltr'>cum</span> <span class='ocrx_word' id='word_1_8' title='bbox 1118 669 1165 739; x_wconf 88' lang='lat' dir='ltr'>ad</span> <span class='ocrx_word' id='word_1_9' title='bbox 1186 694 1231 740; x_wconf 80' lang='lat' dir='ltr'>a·</span> 
     </span>
     <span class='ocr_line' id='line_1_3' title="bbox 235 776 1231 872; baseline -0.003 -16"><span class='ocrx_word' id='word_1_10' title='bbox 235 781 444 858; x_wconf 78' lang='lat' dir='ltr'><strong>vertendam</strong></span> <span class='ocrx_word' id='word_1_11' title='bbox 467 778 641 848; x_wconf 86' lang='lat' dir='ltr'>fallaciam</span> <span class='ocrx_word' id='word_1_12' title='bbox 662 776 764 846; x_wconf 82' lang='lat' dir='ltr'>facile</span> <span class='ocrx_word' id='word_1_13' title='bbox 794 777 954 846; x_wconf 84' lang='lat' dir='ltr'>adhiberi</span> <span class='ocrx_word' id='word_1_14' title='bbox 989 781 1123 872; x_wconf 84' lang='lat' dir='ltr'>postit,</span> <span class='ocrx_word' id='word_1_15' title='bbox 1158 786 1231 852; x_wconf 87' lang='lat' dir='ltr'>mi·</span> 
     </span>
     <span class='ocr_line' id='line_1_4' title="bbox 234 889 1230 982; baseline 0 -18"><span class='ocrx_word' id='word_1_16' title='bbox 234 916 301 966; x_wconf 85' lang='lat' dir='ltr'>ror</span> <span class='ocrx_word' id='word_1_17' title='bbox 327 918 350 968; x_wconf 88' lang='lat' dir='ltr'>a</span> <span class='ocrx_word' id='word_1_18' title='bbox 376 890 577 962; x_wconf 85' lang='lat' dir='ltr'>triumviris</span> <span class='ocrx_word' id='word_1_19' title='bbox 600 889 751 958; x_wconf 85' lang='lat' dir='ltr'>laudatis</span> <span class='ocrx_word' id='word_1_20' title='bbox 784 889 993 982; x_wconf 86' lang='lat' dir='ltr'>requifitum</span> <span class='ocrx_word' id='word_1_21' title='bbox 1025 916 1100 961; x_wconf 88' lang='lat' dir='ltr'>non</span> <span class='ocrx_word' id='word_1_22' title='bbox 1135 896 1230 982; x_wconf 82' lang='lat' dir='ltr'>esse,</span> 
     </span>
     <span class='ocr_line' id='line_1_5' title="bbox 235 1001 1233 1101; baseline 0 -24"><span class='ocrx_word' id='word_1_23' title='bbox 235 1007 302 1101; x_wconf 91' lang='lat' dir='ltr'>qui</span> <span class='ocrx_word' id='word_1_24' title='bbox 319 1005 410 1075; x_wconf 93' lang='lat' dir='ltr'>illud</span> <span class='ocrx_word' id='word_1_25' title='bbox 426 1003 710 1073; x_wconf 83' lang='lat' dir='ltr'>assecuratorum</span> <span class='ocrx_word' id='word_1_26' title='bbox 736 1001 948 1094; x_wconf 83' lang='lat' dir='ltr'>prudentiae</span> <span class='ocrx_word' id='word_1_27' title='bbox 976 1004 1146 1076; x_wconf 76' lang='lat' dir='ltr'>ridentur</span> <span class='ocrx_word' id='word_1_28' title='bbox 1165 1008 1233 1077; x_wconf 89' lang='lat' dir='ltr'>de-</span> 
     </span>
     <span class='ocr_line' id='line_1_6' title="bbox 234 1119 548 1213; baseline -0.006 -25"><span class='ocrx_word' id='word_1_29' title='bbox 234 1119 420 1213; x_wconf 82' lang='lat' dir='ltr'>reliquisse</span> <span class='ocrx_word' id='word_1_30' title='bbox 443 1119 548 1202; x_wconf 70' lang='lat'><strong>(25).</strong></span> 
     </span>
    </p>

    <p class='ocr_par' dir='ltr' id='par_1_3' title="bbox 235 1227 1235 3020">
     <span class='ocr_line' id='line_1_7' title="bbox 285 1227 1228 1324; baseline 0.002 -24"><span class='ocrx_word' id='word_1_31' title='bbox 285 1230 407 1324; x_wconf 76' lang='lat' dir='ltr'>Exigit</span> <span class='ocrx_word' id='word_1_32' title='bbox 431 1250 543 1323; x_wconf 87' lang='lat' dir='ltr'>porro</span> <span class='ocrx_word' id='word_1_33' title='bbox 573 1227 775 1320; x_wconf 83' lang='lat' dir='ltr'>legislator,</span> <span class='ocrx_word' id='word_1_34' title='bbox 810 1237 882 1316; x_wconf 84' lang='lat' dir='ltr'>ut,·</span> <span class='ocrx_word' id='word_1_35' title='bbox 905 1230 968 1320; x_wconf 92' lang='lat' dir='ltr'>qui</span> <span class='ocrx_word' id='word_1_36' title='bbox 991 1233 1228 1302; x_wconf 81' lang='lat' dir='ltr'>assecuratio·</span> 
     </span>
     <span class='ocr_line' id='line_1_8' title="bbox 235 1330 1227 1433; baseline 0 -16"><span class='ocrx_word' id='word_1_37' title='bbox 235 1368 321 1419; x_wconf 87' lang='lat' dir='ltr'>nem</span> <span class='ocrx_word' id='word_1_38' title='bbox 352 1342 556 1429; x_wconf 87' lang='lat' dir='ltr'>contrahit,</span> <span class='ocrx_word' id='word_1_39' title='bbox 594 1330 668 1408; x_wconf 86' lang='lat' dir='ltr'>non</span> <span class='ocrx_word' id='word_1_40' title='bbox 704 1351 847 1409; x_wconf 86' lang='lat' dir='ltr'>tantum</span> <span class='ocrx_word' id='word_1_41' title='bbox 870 1342 908 1408; x_wconf 90' lang='lat' dir='ltr'>in</span> <span class='ocrx_word' id='word_1_42' title='bbox 931 1344 1072 1433; x_wconf 82' lang='lat' dir='ltr'>polizua</span> <span class='ocrx_word' id='word_1_43' title='bbox 1094 1370 1227 1418; x_wconf 82' lang='lat' dir='ltr'>nomen</span> 
     </span>
     <span class='ocr_line' id='line_1_9' title="bbox 236 1455 1231 1554; baseline -0.001 -25"><span class='ocrx_word' id='word_1_44' title='bbox 236 1455 473 1554; x_wconf 84' lang='lat' dir='ltr'>profiteatur,</span> <span class='ocrx_word' id='word_1_45' title='bbox 507 1455 565 1523; x_wconf 84' lang='lat' dir='ltr'>sed</span> <span class='ocrx_word' id='word_1_46' title='bbox 599 1455 726 1540; x_wconf 87' lang='lat' dir='ltr'>etiam,</span> <span class='ocrx_word' id='word_1_47' title='bbox 762 1476 851 1523; x_wconf 91' lang='lat' dir='ltr'>num</span> <span class='ocrx_word' id='word_1_48' title='bbox 885 1455 995 1545; x_wconf 83' lang='lat' dir='ltr'>ipfiua</span> <span class='ocrx_word' id='word_1_49' title='bbox 1025 1461 1083 1526; x_wconf 85' lang='lat' dir='ltr'>rei</span> <span class='ocrx_word' id='word_1_50' title='bbox 1106 1462 1231 1529; x_wconf 78' lang='lat' dir='ltr'>‹lomi-</span> 
     </span>
     <span class='ocr_line' id='line_1_10' title="bbox 236 1568 1226 1666; baseline 0.005 -24"><span class='ocrx_word' id='word_1_51' title='bbox 236 1594 309 1642; x_wconf 81' lang='lat' dir='ltr'>nuc</span> <span class='ocrx_word' id='word_1_52' title='bbox 334 1569 400 1658; x_wconf 83' lang='lat' dir='ltr'>fit,</span> <span class='ocrx_word' id='word_1_53' title='bbox 437 1568 494 1641; x_wconf 75' lang='lat' dir='ltr'>rel</span> <span class='ocrx_word' id='word_1_54' title='bbox 518 1579 750 1659; x_wconf 79' lang='lat' dir='ltr'><em>proxenetae</em></span> <span class='ocrx_word' id='word_1_55' title='bbox 775 1570 925 1637; x_wconf 82' lang='lat' dir='ltr'>munere</span> <span class='ocrx_word' id='word_1_56' title='bbox 943 1569 1115 1664; x_wconf 82' lang='lat' dir='ltr'>fungatur</span> <span class='ocrx_word' id='word_1_57' title='bbox 1135 1575 1226 1666; x_wconf 73' lang='lat'><strong>(26).</strong></span> 
     </span>
     <span class='ocr_line' id='line_1_11' title="bbox 236 1679 1229 1775; baseline 0.004 -21"><span class='ocrx_word' id='word_1_58' title='bbox 236 1683 336 1754; x_wconf 91' lang='lat' dir='ltr'>Illud</span> <span class='ocrx_word' id='word_1_59' title='bbox 347 1681 442 1751; x_wconf 89' lang='lat' dir='ltr'>enim</span> <span class='ocrx_word' id='word_1_60' title='bbox 452 1679 752 1751; x_wconf 83' lang='lat' dir='ltr'>adaestimandam</span> <span class='ocrx_word' id='word_1_61' title='bbox 761 1683 914 1774; x_wconf 90' lang='lat' dir='ltr'>periculi</span> <span class='ocrx_word' id='word_1_62' title='bbox 931 1688 1141 1775; x_wconf 81' lang='lat' dir='ltr'>gravitatem</span> <span class='ocrx_word' id='word_1_63' title='bbox 1154 1713 1229 1758; x_wconf 90' lang='lat' dir='ltr'>non</span> 
     </span>
     <span class='ocr_line' id='line_1_12' title="bbox 237 1793 1228 1892; baseline 0.002 -25"><span class='ocrx_word' id='word_1_64' title='bbox 237 1819 371 1892; x_wconf 88' lang='lat' dir='ltr'>parum</span> <span class='ocrx_word' id='word_1_65' title='bbox 401 1796 542 1867; x_wconf 85' lang='lat' dir='ltr'>videtur</span> <span class='ocrx_word' id='word_1_66' title='bbox 568 1795 745 1866; x_wconf 87' lang='lat' dir='ltr'>conferre.</span> <span class='ocrx_word' id='word_1_67' title='bbox 794 1793 1006 1886; x_wconf 85' lang='lat' dir='ltr'>Namquefi</span> <span class='ocrx_word' id='word_1_68' title='bbox 1036 1798 1228 1891; x_wconf 77' lang='lat' dir='ltr'>fingimus,</span> 
     </span>
     <span class='ocr_line' id='line_1_13' title="bbox 238 1907 1230 1998; baseline 0.002 -18"><span class='ocrx_word' id='word_1_69' title='bbox 238 1909 452 1980; x_wconf 78' lang='lat' dir='ltr'>Brittannos</span> <span class='ocrx_word' id='word_1_70' title='bbox 475 1933 557 1979; x_wconf 88' lang='lat' dir='ltr'>cum</span> <span class='ocrx_word' id='word_1_71' title='bbox 573 1907 689 1978; x_wconf 85' lang='lat' dir='ltr'>Gallis</span> <span class='ocrx_word' id='word_1_72' title='bbox 709 1907 840 1977; x_wconf 86' lang='lat' dir='ltr'>bellum</span> <span class='ocrx_word' id='word_1_73' title='bbox 862 1929 1007 1998; x_wconf 83' lang='lat' dir='ltr'><strong>gerere,</strong></span> <span class='ocrx_word' id='word_1_74' title='bbox 1030 1909 1230 1982; x_wconf 81' lang='lat' dir='ltr'>Amitaelo-</span> 
     </span>
     <span class='ocr_line' id='line_1_14' title="bbox 238 2022 1233 2116; baseline -0.014 -21"><span class='ocrx_word' id='word_1_75' title='bbox 238 2024 335 2095; x_wconf 86' lang='lat' dir='ltr'>dami</span> <span class='ocrx_word' id='word_1_76' title='bbox 359 2046 446 2095; x_wconf 84' lang='lat' dir='ltr'>vero</span> <span class='ocrx_word' id='word_1_77' title='bbox 471 2024 628 2116; x_wconf 81' lang='lat' dir='ltr'>aliquem</span> <span class='ocrx_word' id='word_1_78' title='bbox 655 2022 857 2091; x_wconf 85' lang='lat' dir='ltr'>assecurare</span> <span class='ocrx_word' id='word_1_79' title='bbox 875 2043 1025 2109; x_wconf 86' lang='lat' dir='ltr'>navem,</span> <span class='ocrx_word' id='word_1_80' title='bbox 1057 2023 1102 2090; x_wconf 89' lang='lat' dir='ltr'>ad</span> <span class='ocrx_word' id='word_1_81' title='bbox 1126 2025 1233 2095; x_wconf 81' lang='lat' dir='ltr'>Mar.</span> 
     </span>
     <span class='ocr_line' id='line_1_15' title="bbox 238 2133 1231 2228; baseline 0.003 -20"><span class='ocrx_word' id='word_1_82' title='bbox 238 2138 369 2208; x_wconf 88' lang='lat' dir='ltr'>tinicae</span> <span class='ocrx_word' id='word_1_83' title='bbox 403 2135 587 2206; x_wconf 84' lang='lat' dir='ltr'>stationem</span> <span class='ocrx_word' id='word_1_84' title='bbox 626 2136 813 2228; x_wconf 82' lang='lat' dir='ltr'>appulsam</span> <span class='ocrx_word' id='word_1_85' title='bbox 844 2144 881 2203; x_wconf 86' lang='lat' dir='ltr'>et</span> <span class='ocrx_word' id='word_1_86' title='bbox 912 2133 1231 2211; x_wconf 69' lang='lat' dir='ltr'>Autstaelodauum</span> 
     </span>
     <span class='ocr_line' id='line_1_16' title="bbox 238 2247 1233 2346; baseline 0.002 -26"><span class='ocrx_word' id='word_1_87' title='bbox 238 2250 484 2346; x_wconf 82' lang='lat' dir='ltr'>profecturam</span> <span class='ocrx_word' id='word_1_88' title='bbox 505 2288 554 2300; x_wconf 93' lang='lat'>—</span> <span class='ocrx_word' id='word_1_89' title='bbox 575 2272 697 2322; x_wconf 87' lang='lat' dir='ltr'>noune</span> <span class='ocrx_word' id='word_1_90' title='bbox 720 2248 823 2317; x_wconf 85' lang='lat' dir='ltr'>facile</span> <span class='ocrx_word' id='word_1_91' title='bbox 847 2247 1032 2336; x_wconf 81' lang='lat' dir='ltr'>videmus,</span> <span class='ocrx_word' id='word_1_92' title='bbox 1056 2264 1233 2340; x_wconf 84' lang='lat' dir='ltr'>quantum</span> 
     </span>
     <span class='ocr_line' id='line_1_17' title="bbox 239 2361 1235 2457; baseline 0 -23"><span class='ocrx_word' id='word_1_93' title='bbox 239 2363 441 2457; x_wconf 85' lang='lat' dir='ltr'>periculum</span> <span class='ocrx_word' id='word_1_94' title='bbox 465 2371 669 2453; x_wconf 83' lang='lat' dir='ltr'>augeatur,</span> <span class='ocrx_word' id='word_1_95' title='bbox 705 2362 854 2432; x_wconf 82' lang='lat' dir='ltr'>finavis</span> <span class='ocrx_word' id='word_1_96' title='bbox 875 2361 1021 2431; x_wconf 84' lang='lat' dir='ltr'>Gallum</span> <span class='ocrx_word' id='word_1_97' title='bbox 1045 2364 1152 2434; x_wconf 83' lang='lat' dir='ltr'>habet</span> <span class='ocrx_word' id='word_1_98' title='bbox 1166 2366 1235 2434; x_wconf 90' lang='lat' dir='ltr'>do-</span> 
     </span>
     <span class='ocr_line' id='line_1_18' title="bbox 238 2474 1235 2565; baseline 0 -16"><span class='ocrx_word' id='word_1_99' title='bbox 238 2477 407 2549; x_wconf 79' lang='lat' dir='ltr'>minum?</span> <span class='ocrx_word' id='word_1_100' title='bbox 464 2474 565 2544; x_wconf 84' lang='lat' dir='ltr'>Haec</span> <span class='ocrx_word' id='word_1_101' title='bbox 592 2474 703 2565; x_wconf 83' lang='lat' dir='ltr'>igitur</span> <span class='ocrx_word' id='word_1_102' title='bbox 733 2475 1235 2548; x_wconf 80' lang='lat' dir='ltr'>reticentiaassecurationem</span> 
     </span>
     <span class='ocr_line' id='line_1_19' title="bbox 239 2586 1235 2683; baseline -0.005 -19"><span class='ocrx_word' id='word_1_103' title='bbox 239 2591 366 2680; x_wconf 70' lang='lat' dir='ltr'>vitiat,</span> <span class='ocrx_word' id='word_1_104' title='bbox 392 2589 554 2683; x_wconf 80' lang='lat' dir='ltr'>quamvis</span> <span class='ocrx_word' id='word_1_105' title='bbox 585 2587 667 2656; x_wconf 88' lang='lat' dir='ltr'>data</span> <span class='ocrx_word' id='word_1_106' title='bbox 698 2586 828 2655; x_wconf 86' lang='lat' dir='ltr'>damna</span> <span class='ocrx_word' id='word_1_107' title='bbox 857 2590 1068 2682; x_wconf 88' lang='lat' dir='ltr'>neutiquam</span> <span class='ocrx_word' id='word_1_108' title='bbox 1090 2616 1171 2660; x_wconf 87' lang='lat' dir='ltr'>cnm</span> <span class='ocrx_word' id='word_1_109' title='bbox 1191 2613 1235 2659; x_wconf 83' lang='lat' dir='ltr'>ea</span> 
     </span>
     <span class='ocr_line' id='line_1_20' title="bbox 240 2699 1235 2796; baseline -0.002 -24"><span class='ocrx_word' id='word_1_110' title='bbox 240 2705 478 2793; x_wconf 82' lang='lat' dir='ltr'>cohaereant,</span> <span class='ocrx_word' id='word_1_111' title='bbox 504 2726 540 2774; x_wconf 84' lang='lat' dir='ltr'>v.</span> <span class='ocrx_word' id='word_1_112' title='bbox 565 2726 620 2796; x_wconf 85' lang='lat' dir='ltr'>gr.</span> <span class='ocrx_word' id='word_1_113' title='bbox 657 2700 682 2770; x_wconf 82' lang='lat' dir='ltr'><strong>fi</strong></span> <span class='ocrx_word' id='word_1_114' title='bbox 708 2699 890 2792; x_wconf 89' lang='lat' dir='ltr'>propofito</span> <span class='ocrx_word' id='word_1_115' title='bbox 912 2703 994 2773; x_wconf 84' lang='lat' dir='ltr'>casu</span> <span class='ocrx_word' id='word_1_116' title='bbox 1016 2706 1117 2774; x_wconf 81' lang='lat' dir='ltr'>navia</span> <span class='ocrx_word' id='word_1_117' title='bbox 1141 2701 1235 2770; x_wconf 80' lang='lat' dir='ltr'>Gal-</span> 
     </span>
     <span class='ocr_line' id='line_1_21' title="bbox 239 2814 1235 2908; baseline 0 -23"><span class='ocrx_word' id='word_1_118' title='bbox 239 2815 311 2886; x_wconf 89' lang='lat' dir='ltr'>lica</span> <span class='ocrx_word' id='word_1_119' title='bbox 343 2839 419 2889; x_wconf 90' lang='lat' dir='ltr'>non</span> <span class='ocrx_word' id='word_1_120' title='bbox 450 2827 556 2908; x_wconf 87' lang='lat' dir='ltr'>capta</span> <span class='ocrx_word' id='word_1_121' title='bbox 587 2814 738 2908; x_wconf 77' lang='lat' dir='ltr'>Angtis,</span> <span class='ocrx_word' id='word_1_122' title='bbox 765 2815 821 2884; x_wconf 86' lang='lat' dir='ltr'>sed</span> <span class='ocrx_word' id='word_1_123' title='bbox 841 2815 920 2885; x_wconf 83' lang='lat' dir='ltr'>aliis</span> <span class='ocrx_word' id='word_1_124' title='bbox 942 2816 1154 2906; x_wconf 84' lang='lat' dir='ltr'>depraedata</span> <span class='ocrx_word' id='word_1_125' title='bbox 1176 2815 1235 2888; x_wconf 78' lang='lat' dir='ltr'>vel</span> 
     </span>
     <span class='ocr_line' id='line_1_22' title="bbox 241 2910 1166 3020; baseline -0.005 -19"><span class='ocrx_word' id='word_1_126' title='bbox 241 2926 470 3019; x_wconf 80' lang='lat' dir='ltr'>naufragium</span> <span class='ocrx_word' id='word_1_127' title='bbox 492 2929 748 3018; x_wconf 47' lang='lat' dir='ltr'>passasfuisset.</span> <span class='ocrx_word' id='word_1_128' title='bbox 800 2932 883 3020; x_wconf 88' lang='lat' dir='ltr'>(art.</span> <span class='ocrx_word' id='word_1_129' title='bbox 905 2910 1007 3018; x_wconf 78' lang='lat'>548.)</span> <span class='ocrx_word' id='word_1_130' title='bbox 1164 2954 1166 2959; x_wconf 57' lang='lat'><strong><em>¹</em></strong></span> 
     </span>
    </p>

    <p class='ocr_par' dir='ltr' id='par_1_4' title="bbox 205 3035 1322 3586">
     <span class='ocr_line' id='line_1_23' title="bbox 291 3035 1322 3132; baseline 0.001 -22"><span class='ocrx_word' id='word_1_131' title='bbox 291 3035 358 3110; x_wconf 89' lang='lat' dir='ltr'>Uti</span> <span class='ocrx_word' id='word_1_132' title='bbox 388 3041 447 3109; x_wconf 87' lang='lat' dir='ltr'>lex</span> <span class='ocrx_word' id='word_1_133' title='bbox 478 3039 641 3130; x_wconf 85' lang='lat' dir='ltr'>Gallica,</span> <span class='ocrx_word' id='word_1_134' title='bbox 671 3053 713 3110; x_wconf 88' lang='lat' dir='ltr'>ut</span> <span class='ocrx_word' id='word_1_135' title='bbox 741 3042 863 3132; x_wconf 66' lang='lat' dir='ltr'>probe,</span> <span class='ocrx_word' id='word_1_136' title='bbox 887 3041 931 3108; x_wconf 90' lang='lat' dir='ltr'>de</span> <span class='ocrx_word' id='word_1_137' title='bbox 962 3063 1003 3108; x_wconf 88' lang='lat' dir='ltr'>re</span> <span class='ocrx_word' id='word_1_138' title='bbox 1034 3040 1287 3111; x_wconf 63' lang='lat' dir='ltr'>assecutam·</span> <span class='ocrx_word' id='word_1_139' title='bbox 1320 3078 1322 3083; x_wconf 96' lang='lat'>·</span> 
     </span>
     <span class='ocr_line' id='line_1_24' title="bbox 243 3152 1239 3248; baseline 0.001 -26"><span class='ocrx_word' id='word_1_140' title='bbox 243 3152 398 3242; x_wconf 82' lang='lat' dir='ltr'>constet,</span> <span class='ocrx_word' id='word_1_141' title='bbox 424 3175 557 3221; x_wconf 81' lang='lat' dir='ltr'>nomeu</span> <span class='ocrx_word' id='word_1_142' title='bbox 584 3156 690 3224; x_wconf 83' lang='lat' dir='ltr'>navic</span> <span class='ocrx_word' id='word_1_143' title='bbox 714 3157 864 3248; x_wconf 72' lang='lat' dir='ltr'>eiusque</span> <span class='ocrx_word' id='word_1_144' title='bbox 892 3155 1181 3246; x_wconf 80' lang='lat' dir='ltr'>descriptionem</span> <span class='ocrx_word' id='word_1_145' title='bbox 1199 3166 1239 3232; x_wconf 79' lang='lat' dir='ltr'>et</span> 
     </span>
     <span class='ocr_line' id='line_1_25' title="bbox 205 3265 1237 3357; baseline 0.002 -22"><span class='ocrx_word' id='word_1_146' title='bbox 205 3305 221 3344; x_wconf 85' lang='lat'>.·</span> <span class='ocrx_word' id='word_1_147' title='bbox 242 3288 375 3335; x_wconf 85' lang='lat' dir='ltr'>nomen</span> <span class='ocrx_word' id='word_1_148' title='bbox 402 3265 587 3337; x_wconf 71' lang='lat' dir='ltr'>nauarchi</span> <span class='ocrx_word' id='word_1_149' title='bbox 612 3268 789 3357; x_wconf 87' lang='lat' dir='ltr'>requirit,</span> <span class='ocrx_word' id='word_1_150' title='bbox 819 3270 870 3334; x_wconf 84' lang='lat' dir='ltr'>ita</span> <span class='ocrx_word' id='word_1_151' title='bbox 900 3268 1006 3336; x_wconf 87' lang='lat' dir='ltr'>etiam</span> <span class='ocrx_word' id='word_1_152' title='bbox 1042 3267 1237 3337; x_wconf 66' lang='lat' dir='ltr'>maioribus</span> 
     </span>
     <span class='ocr_line' id='line_1_26' title="bbox 243 3378 1315 3474; baseline 0.001 -24"><span class='ocrx_word' id='word_1_153' title='bbox 243 3380 377 3450; x_wconf 79' lang='lat' dir='ltr'>nostris</span> <span class='ocrx_word' id='word_1_154' title='bbox 397 3378 484 3448; x_wconf 85' lang='lat' dir='ltr'>adeo</span> <span class='ocrx_word' id='word_1_155' title='bbox 505 3378 699 3474; x_wconf 79' lang='lat' dir='ltr'>necessaria</span> <span class='ocrx_word' id='word_1_156' title='bbox 719 3381 794 3450; x_wconf 82' lang='lat' dir='ltr'>visa</span> <span class='ocrx_word' id='word_1_157' title='bbox 813 3392 866 3450; x_wconf 86' lang='lat' dir='ltr'>est</span> <span class='ocrx_word' id='word_1_158' title='bbox 883 3381 971 3450; x_wconf 87' lang='lat' dir='ltr'>hacc</span> <span class='ocrx_word' id='word_1_159' title='bbox 990 3384 1148 3452; x_wconf 85' lang='lat' dir='ltr'>nominis</span> <span class='ocrx_word' id='word_1_160' title='bbox 1167 3383 1235 3451; x_wconf 87' lang='lat' dir='ltr'>ad·-</span> <span class='ocrx_word' id='word_1_161' title='bbox 1312 3432 1315 3442; x_wconf 82' lang='lat'><em>·</em></span> 
     </span>
     <span class='ocr_line' id='line_1_27' title="bbox 247 3491 1235 3586; baseline 0.007 -25"><span class='ocrx_word' id='word_1_162' title='bbox 247 3491 416 3586; x_wconf 85' lang='lat' dir='ltr'>scriptio,</span> <span class='ocrx_word' id='word_1_163' title='bbox 455 3501 497 3562; x_wconf 89' lang='lat' dir='ltr'>ut</span> <span class='ocrx_word' id='word_1_164' title='bbox 528 3491 748 3563; x_wconf 81' lang='lat' dir='ltr'>hommiasa</span> <span class='ocrx_word' id='word_1_165' title='bbox 779 3495 869 3566; x_wconf 79' lang='lat' dir='ltr'>esset</span> <span class='ocrx_word' id='word_1_166' title='bbox 881 3544 896 3585; x_wconf 90' lang='lat'>‚</span> <span class='ocrx_word' id='word_1_167' title='bbox 936 3497 1235 3570; x_wconf 82' lang='lat' dir='ltr'>assecurationem</span> 
     </span>
    </p>
   </div>
   <div class='ocr_carea' id='block_1_3' title="bbox 1171 3630 1264 3697">
    <p class='ocr_par' dir='ltr' id='par_1_5' title="bbox 1171 3630 1264 3697">
     <span class='ocr_line' id='line_1_28' title="bbox 1171 3630 1264 3697; baseline 0.022 -17"><span class='ocrx_word' id='word_1_168' title='bbox 1171 3630 1236 3697; x_wconf 60' lang='lat' dir='ltr'>reg</span> <span class='ocrx_word' id='word_1_169' title='bbox 1262 3654 1264 3658; x_wconf 95' lang='lat'>·</span> 
     </span>
    </p>
   </div>
   <div class='ocr_carea' id='block_1_4' title="bbox 276 3846 1243 4005">
    <p class='ocr_par' dir='ltr' id='par_1_6' title="bbox 276 3846 1243 4005">
     <span class='ocr_line' id='line_1_29' title="bbox 276 3846 711 3928; baseline 0.016 -28"><span class='ocrx_word' id='word_1_170' title='bbox 276 3846 346 3928; x_wconf 64' lang='lat' dir='ltr'>(ast</span> <span class='ocrx_word' id='word_1_171' title='bbox 363 3853 442 3917; x_wconf 74' lang='lat' dir='ltr'>spec.</span> <span class='ocrx_word' id='word_1_172' title='bbox 460 3850 481 3904; x_wconf 83' lang='lat'>1.</span> <span class='ocrx_word' id='word_1_173' title='bbox 500 3863 548 3904; x_wconf 78' lang='lat' dir='ltr'>art.</span> <span class='ocrx_word' id='word_1_174' title='bbox 565 3855 626 3920; x_wconf 75' lang='lat'>489.</span> <span class='ocrx_word' id='word_1_175' title='bbox 708 3888 711 3893; x_wconf 93' lang='lat'>-</span> 
     </span>
     <span class='ocr_line' id='line_1_30' title="bbox 280 3932 1243 4005; baseline 0.009 -17"><span class='ocrx_word' id='word_1_176' title='bbox 280 3932 349 4002; x_wconf 67' lang='grc' dir='ltr'>(αὑ)</span> <span class='ocrx_word' id='word_1_177' title='bbox 366 3935 446 3991; x_wconf 82' lang='lat' dir='ltr'>cont.</span> <span class='ocrx_word' id='word_1_178' title='bbox 465 3933 498 3988; x_wconf 83' lang='lat' dir='ltr'>de</span> <span class='ocrx_word' id='word_1_179' title='bbox 516 3937 572 3991; x_wconf 79' lang='lat' dir='ltr'>iure</span> <span class='ocrx_word' id='word_1_180' title='bbox 591 3939 677 4005; x_wconf 75' lang='lat' dir='ltr'>panto</span> <span class='ocrx_word' id='word_1_181' title='bbox 693 3952 722 3994; x_wconf 75' lang='lat' dir='ltr'>v·</span> <span class='ocrx_word' id='word_1_182' title='bbox 737 3951 768 3995; x_wconf 85' lang='lat' dir='ltr'>n.</span> <span class='ocrx_word' id='word_1_183' title='bbox 787 3952 908 3994; x_wconf 68' lang='lat' dir='ltr'>aarum</span> <span class='ocrx_word' id='word_1_184' title='bbox 927 3937 964 3994; x_wconf 76' lang='lat' dir='ltr'>rh.</span> <span class='ocrx_word' id='word_1_185' title='bbox 979 3940 1043 3999; x_wconf 58' lang='grc' dir='ltr'>σεῦ.</span> <span class='ocrx_word' id='word_1_186' title='bbox 1241 3992 1243 3997; x_wconf 92' lang='grc'>.</span> 
     </span>
    </p>
   </div>
   <div class='ocr_carea' id='block_1_5' title="bbox 0 0 1509 5018">
    <p class='ocr_par' dir='ltr' id='par_1_7' title="bbox 0 0 1509 5018">
     <span class='ocr_line' id='line_1_31' title="bbox 0 0 1509 5018; baseline 0 0"><span class='ocrx_word' id='word_1_187' title='bbox 0 0 1509 5018; x_wconf 95' lang='lat' dir='ltr'> </span> 
     </span>
    </p>
   </div>
  </div>
 </body>
</html>
