2978 5016
373 462 422 530 do
591 455 1206 543 DEPERICULO„
1317 444 1322 455 ’

372 670 449 757 vit,
481 668 648 760 periculi
673 669 845 761 pretium
874 681 929 738 est
980 668 1052 762 (Le
1087 680 1174 738 cont
1202 668 1248 737 de
1271 670 1369 738 l'ar-

370 783 557 876 aurance).
591 848 594 854 ,
621 783 659 852 Si
695 784 775 875 quis
806 784 916 874 igitur
949 783 1021 852 sine
1056 784 1218 875 praemio
1258 786 1369 863 maris

368 897 530 989 pericula
559 895 627 965 fide
651 897 713 964 sua
743 895 916 983 iusserat,
953 898 1042 964 inita
1076 896 1266 967 conventio
1298 896 1368 963 do-

368 1011 524 1079 nationis
551 1011 609 1079 vel
638 1006 870 1078 fideiusfionis
894 1020 1063 1078 naturam
1093 1011 1248 1078 induisse
1263 1011 1367 1080 vide-

367 1133 492 1210 retur,
507 1111 648 1211 quaein
661 1121 908 1212 distinguenda
917 1121 974 1193 vel
986 1121 1209 1218 diiudicanda
1217 1124 1367 1214 pericu-

367 1236 486 1304 lorum
519 1244 650 1302 natura
684 1243 826 1302 tantum
862 1257 945 1302 cum
977 1235 1238 1304 assecuratione
1272 1254 1365 1304 oon-

366 1348 477 1418 venit.
530 1345 628 1433 Sed,
676 1345 840 1435 quamvis
878 1346 1020 1437 polizza
1057 1350 1258 1440 expressam
1290 1361 1366 1416 non'

367 1460 548 1528 contineat
581 1457 732 1549 praemii
765 1455 1054 1548 stipulationem,
1097 1460 1215 1531 valida
1245 1472 1368 1530 tamen

364 1572 453 1641 mihi
478 1572 621 1643 ridetur
639 1560 878 1659 assecuratio,
904 1570 931 1640 fi
957 1572 1108 1643 aliunde
1134 1573 1177 1642 de
1205 1597 1248 1644 eo
1281 1566 1367 1642 con·
1470 1626 1481 1642 „

365 1671 466 1754 stare'
484 1696 603 1775 potest
629 1684 644 1776 (
654 1683 736 1777 70).

414 1797 473 1866 Ex
504 1799 572 1887 iis,
606 1798 765 1888 quaeda
793 1797 948 1889 periculi
978 1799 1228 1885 aestimatione
1255 1801 1363 1893 supra

364 1911 570 2002 disputavi,
600 1913 682 1980 satis
705 1910 863 2001 constat,
894 1910 1050 2002 quaesit
1084 1913 1180 1981 inter
1214 1925 1366 1982 contra-

365 2026 492 2094 hentes
514 2027 756 2116 praemiorum
789 2027 895 2095 ratio.
947 2024 1038 2093 Cum
1060 2048 1148 2096 vero
1171 2025 1364 2095 admodum

364 2138 501 2208 diversa
536 2136 578 2206 fit
615 2139 862 2230 periculorum
906 2138 1095 2230 gravitas,
1130 2137 1364 2209 diversissima

365 2274 510 2344 quoque
538 2235 730 2320 usurarum
760 2253 852 2320 ratio
879 2262 933 2320 est
957 2261 993 2319 et
1022 2251 1159 2342 legibus
1186 2252 1288 2322 nulla
1319 2277 1363 2320 a-

365 2368 436 2433 ctio
461 2364 506 2432 ob
527 2364 710 2432 laesionem
732 2365 787 2434 vel
814 2366 1011 2433 usurariam
1036 2365 1250 2456 pravitatem
1272 2390 1363 2436 con-

366 2480 516 2548 ceditur.
567 2477 826 2546 Contrahentes
852 2478 962 2568 igitur
981 2502 1050 2569 pro
1073 2476 1223 2548 arbitrio
1253 2504 1363 2572 prae-

364 2594 428 2660 mii
456 2593 628 2661 summam
654 2589 800 2659 definire
833 2591 1009 2683 possunt,
1036 2615 1147 2684 eaque
1170 2594 1360 2682 deinceps,

363 2705 429 2773 nisi
451 2705 535 2794 ipfis
565 2703 889 2793 consentientibus,
914 2705 1099 2773 immutari
1119 2730 1194 2774 non
1225 2714 1358 2795 potest.

364 2815 445 2884 Hac
458 2817 552 2885 dere
570 2818 654 2886 olim
666 2821 705 2887 in
718 2817 838 2887 Gallia
849 2816 1098 2886 celeberrimae
1109 2817 1188 2885 lites
1211 2817 1362 2906 agitatae

325 2926 328 2931 ‘
363 2931 471 3017 sunt,
509 2928 591 2998 cum
623 2929 732 3021 Angli
772 2932 870 3024 pacis
903 2941 1089 3023 tempore,
1118 2939 1360 3017 mercatorum

362 3064 472 3111 naves
490 3040 770 3128 infestaverant,
798 3068 913 3135 eoque
931 3045 1012 3112 casu
1037 3050 1164 3109 contra
1186 3041 1278 3111 iuris
1298 3065 1362 3135 re-

361 3154 462 3246 gulas
490 3151 727 3223 tribunalium
759 3155 941 3227 sententiis
973 3164 1079 3223 aucta
1099 3153 1215 3245 *fuisse
1249 3179 1361 3247 prae·

360 3267 434 3336 mia
464 3266 576 3335 refert
602 3286 840 3358 sorutaarus,
867 3292 913 3336 ne
933 3268 1192 3336 assecuratores
1221 3267 1359 3339 solven-

359 3378 407 3448 do
444 3379 599 3471 impares
639 3378 898 3467 redderentur,
937 3379 1035 3448 unde
1072 3379 1208 3448 maiora
1251 3381 1373 3484 etiam¹

360 3492 518 3565 malain
548 3499 787 3562 mercaturam
821 3492 1067 3593 redundarent
1095 3491 1214 3588 (γι),

1260 3606 1357 3676 Pro·

377 3812 464 3914 ι(70)
483 3813 576 3906 iacnt
594 3849 615 3904 11
644 3849 677 3906 ad
695 3850 756 3905 Art.
773 3863 835 3916 332.
853 3865 913 3919 pag.
931 3850 973 3906 62
995 3852 1050 3921 seq·
1141 3826 1150 3863 '

394 3931 464 4001 (71)
482 3945 614 3991 roratur
631 3935 661 3992 11.
680 3934 737 3996 ΝΟ.
754 3938 807 4002 833
825 3936 898 4023 conf,
915 3949 1000 4017 tameo
1014 3947 1197 4027 ,errassem
1212 3932 1240 3992 iu
1255 3941 1296 4010 aa.
