2970 5018
234 522 308 575 rur
438 497 1058 574 turnonuculot

202 710 371 827 'frterint
382 759 394 798 ‚
418 706 487 778 hoo
510 721 631 781 tamen
659 714 781 784 minus
806 715 967 810 perlecta
996 711 1234 781 existimanda

236 826 343 910 sunt,
371 823 470 913 quod
492 823 630 893 nullam
662 826 821 905 foenoris
852 828 990 898 nautici
1014 826 1234 894 mentionem
1272 886 1281 907 ,

99 989 107 1005 .
236 939 457 1008 contineant.
509 935 602 1005 Cum
619 960 706 1009 vero
726 941 770 1010 de
793 943 1052 1011 assecuratione
1076 948 1235 1030 utraque

236 1052 296 1122 lex
327 1057 467 1136 taceat,
493 1060 632 1121 eertum
664 1053 737 1122 esse
756 1054 920 1143 ridetur,
951 1075 1028 1121 eam
1051 1052 1120 1120 hoo
1140 1063 1237 1120 tem-

236 1186 327 1260 pore
356 1161 518 1231 nondum
552 1162 755 1237 invaluisse.

285 1275 414 1347 lisdem
463 1273 541 1344 iere
587 1281 811 1370 temporibus
865 1277 1099 1348 invaluerunt
1141 1276 1237 1368 legen

236 1372 508 1461 Wisbicenoes,
561 1373 606 1443 ab
648 1377 739 1445 urbe
787 1376 961 1465 Wisbia,
1004 1375 1237 1445 celeberrimo

237 1485 386 1559 Suedius
403 1486 443 1554 in
460 1484 576 1555 insula
586 1485 806 1559 Gothlandia
828 1489 1018 1580 emporio,
1039 1489 1088 1557 ita
1109 1488 1238 1561 dictae.

237 1599 376 1673 Earum
419 1608 539 1669 autem
578 1611 681 1671 tanta
715 1601 787 1670 fuit
827 1588 1050 1690 auctoritas,
1083 1610 1126 1670 ut
1158 1624 1240 1669 non

235 1713 350 1784 solum
387 1713 489 1803 apud
526 1714 637 1784 huius
676 1715 777 1785 urbis
816 1716 936 1801 cives,
970 1737 1098 1784 verum
1139 1713 1238 1804 apud

237 1824 577 1903 Trans-Rhenanus
620 1851 771 1917 omnes,
813 1826 1016 1897 Hollandos
1054 1829 1161 1895 etium
1200 1835 1238 1895 et

236 1939 433 2011 Zoelandoa
468 1962 538 2031 pro
575 1940 659 2011 iure
690 1941 866 2011 Gentium
910 1938 1092 2031 viguerint
1129 1938 1234 2029 (14).

235 2051 293 2126 De
305 2076 427 2123 earum
448 2062 563 2123 aetate
582 2055 679 2126 inter
698 2066 863 2127 auctores
875 2051 1042 2125 dissentio
1063 2062 1144 2121 orta
1155 2061 1209 2119 est
1222 2100 1242 2142 „-

234 2191 317 2237 cum
350 2165 519 2235 nonnulli
553 2191 612 2247 eas
648 2168 893 2261 antiquislima
921 2166 1129 2236 recentioris
1157 2165 1239 2233 aevi

234 2282 316 2357 iura
344 2281 524 2349 maritima
545 2282 729 2351 continere
752 2284 973 2353 contendant
998 2281 1114 2372 (15)5
1152 2277 1232 2345 aliis

237 2405 359 2465 autem
399 2392 642 2466 additamenta
682 2404 826 2463 tantum
871 2395 1064 2465 videantur
1106 2413 1232 2460 earum

234 2507 379 2599 legum,
417 2529 507 2600 quas
541 2506 588 2578 ab
621 2507 805 2580 Eleonora
838 2508 998 2576 conditus
1033 2506 1105 2575 esse
1137 2504 1234 2576 vidi·

235 2641 317 2687 mus
343 2619 449 2711 (16).
501 2620 594 2697 Cum
638 2641 728 2691 vero
764 2621 858 2714 leges
900 2619 1148 2691 Wisbioenoes
1185 2615 1243 2685 ab.

235 2731 344 2804 huius
379 2731 480 2812 urbis
513 2734 652 2823 civibus
689 2745 725 2805 et
752 2733 1010 2805 mercatoribus
1044 2729 1233 2824 paullatim

112 2922 115 2927 ¹
234 2843 402 2913 collectae
429 2843 542 2936 (17),
569 2858 606 2916 et
636 2849 706 2919 iam
737 2874 834 2919 anuo
876 2849 968 2918 1165
993 2845 1038 2915 ab
1070 2847 1233 2932 impera-

237 2967 316 3029 tore
339 2953 517 3039 Lothurio
546 2957 584 3031 ΙΙ
608 2959 840 3032 confirmatae
876 2961 945 3031 lint
978 2957 1095 3050 (18),
1133 2978 1232 3023 non-

236 3069 358 3143 nullae
387 3069 511 3141 saltem
536 3094 665 3157 earum
694 3075 963 3147 constitutiones
983 3072 1103 3161 legum
1140 3064 1232 3136 Ole-

234 3183 353 3277 tontis
375 3182 703 3277 promulgationem
727 3185 955 3282 praecesfisse
983 3184 1167 3259 ridentur.

223 3325 225 3330 ·
867 3290 870 3295 ⁴
1162 3293 1233 3367 His

270 3523 339 3594 (¹4)
357 3537 471 3594 azuur.
497 3524 529 3581 11.
544 3541 605 3595 pag.
624 3539 674 3596 453
694 3540 721 3581 et
739 3528 955 3602 ouorrumbt.
973 3527 995 3582 1.
1241 3590 1246 3599 ,

270 3609 339 3687 (ts)
357 3622 513 3670 numera,
541 3610 586 3666 Ad
614 3613 656 3667 lna
680 3627 747 3667 mar·
780 3612 917 3686 Hanseau,
954 3626 1015 3682 pag.
1047 3609 1118 3672 681.
1144 3617 1236 3662 raca·

237 3708 324 3758 uun,
350 3695 372 3751 l.
396 3694 418 3748 1.
1292 3696 1296 3703 '

270 3778 338 3844 (ιε)
357 3794 386 3834 Β,
404 3794 440 3833 m.
471 3793 650 3844 nunninus,
667 3783 760 3856 Traitt
773 3782 817 3836 iles
833 3783 987 3849 Assurances
1002 3791 1027 3835 at
1037 3781 1079 3832 dtr
1095 3773 1233 3832 contrusa

235 3859 263 3913 la
279 3860 370 3924 grosse.
394 3861 504 3928 Brasaca.
532 3880 591 3928 pag.
611 3866 651 3919 x1
672 3879 699 3917 et
714 3880 784 3921 auct.
801 3866 851 3919 ibi.
870 3864 944 3935 laud,

270 3940 340 4006 (17)
359 3953 471 4000 uzuur.
496 3944 514 3994 l.
534 3945 555 3997 l.
571 3959 630 4010 pag.
650 3959 702 4012 4⁵⁰
721 3962 746 3998 et
764 3961 921 4011 numera,
941 3946 962 3998 1.
980 3945 1001 4011 l.

269 4023 338 4093 (18)
354 4036 512 4091 renuero,
529 4027 604 4082 lint.
619 4041 679 4095 pag.
697 4030 746 4084 lx.
