2970 5018
235 450 266 503 11
428 423 1042 500 INraonucrlo

235 652 381 713 caturae
401 650 521 709 autem
545 652 677 711 natura
696 652 769 710 tam
790 640 885 709 felici
906 639 1062 708 successu
1084 635 1228 730 conspi-

234 765 341 840 rant,
370 765 410 822 ut
439 755 629 822 maximam
659 757 692 822 ei
721 754 910 822 utilitatem
930 750 1107 844 praestare
1125 754 1229 821 vide-

234 879 355 938 antur.
407 866 655 952 Mercatorum
691 869 786 935 enim
820 868 961 959 negotia
991 865 1130 934 lubrica
1155 867 1231 934 esse

234 982 348 1051 solent
386 992 422 1048 et
446 982 604 1070 incerta,
642 991 679 1049 et
710 982 811 1072 saepe
841 980 987 1067 accidit,
1020 991 1086 1069 ut,
1121 1002 1229 1070 quam

236 1087 476 1184 conceperant
509 1095 601 1163 lucri
641 1096 763 1186 spem,
798 1094 941 1162 adversa
970 1093 1119 1161 fortuna
1153 1093 1230 1160 dis-

236 1196 370 1279 tur'bet.
422 1205 494 1297 Ipsi
514 1208 645 1297 igitur,
670 1209 767 1275 initis
788 1207 1106 1293 conventionibus,
1139 1228 1231 1296 quae

237 1321 282 1390 ab
306 1322 443 1391 incerto
466 1328 598 1388 eventu
621 1320 805 1408 pendent,
843 1320 894 1386 ita
917 1320 950 1387 se
970 1329 1141 1405 tuentur,
1167 1328 1229 1406 ut,

236 1434 334 1526 quod
373 1432 418 1499 ab
451 1455 527 1499 una
561 1442 665 1522 parte
697 1433 847 1499 fortuna
879 1444 1002 1523 negat,
1038 1431 1082 1500 ab
1118 1431 1230 1499 altera

235 1545 416 1638 praestare
463 1556 622 1636 cogatur.
686 1543 970 1613 Assecurationis
1008 1555 1230 1612 contractum

233 1659 408 1749 respicio,
448 1654 701 1727 nobilissimum
740 1656 882 1725 serioris
914 1658 992 1728 aevi
1020 1661 1205 1728 inventurn
1218 1656 1247 1746 ,'

235 1797 308 1865 quo
334 1772 518 1863 quiscum
541 1771 635 1860 alio,
663 1772 746 1840 data
773 1771 946 1860 pecuniae
977 1772 1137 1858 summa,
1168 1793 1232 1861 pa·

234 1886 404 1972 ciscitur,
431 1895 497 1973 ut,
530 1908 621 1979 quae
646 1886 700 1954 rei
731 1886 813 1954 suae
844 1882 1056 1951 inseruntur
1075 1884 1205 1951 damna
1217 1934 1229 1973 ,

234 1999 281 2066 ab
304 1998 372 2065 hoc
396 1998 645 2070 restituantur.
1138 2006 1141 2011 ’

285 2109 482 2197 Quamvis,
528 2112 617 2179 inito
658 2114 726 2182 hoc
770 2121 983 2200 contractu,
1026 2111 1096 2179 alia
1123 2110 1230 2178 etiam

234 2224 398 2318 pericula
432 2226 546 2292 averti
574 2223 733 2315 possint,
772 2250 814 2294 ea
838 2238 959 2295 tamen
994 2225 1229 2312 assecuratio,

238 2361 331 2429 quae
371 2337 532 2428 pericula
571 2338 679 2403 maris
727 2338 1003 2426 complectitur,
1055 2338 1231 2428 frequen-

235 2454 286 2520 tia
318 2463 426 2543 atque
459 2451 612 2519 utilitate
638 2453 764 2519 ceteris
794 2452 1045 2541 anteponenda
1074 2453 1234 2522 videtum·

234 2563 391 2636 Difficile
419 2578 539 2638 autem
559 2569 658 2636 dictu
679 2578 757 2654 est,
787 2576 963 2656 quantum
984 2566 1028 2634 ab
1048 2569 1115 2635 hac
1135 2567 1233 2634 asse-

236 2681 423 2749 curatione
455 2693 656 2767 mercatura
675 2679 812 2748 habeat
830 2681 1054 2770 praesidium.
1105 2681 1162 2746 Ea
1189 2701 1233 2745 e-

233 2793 312 2860 nim
336 2803 569 2860 mercatorem
600 2796 643 2862 ad
665 2794 887 2880 extendenda
910 2793 1120 2861 commercia
1137 2793 1233 2858 inci-

144 2968 149 2979 .
234 2916 313 2990 tat,
340 2914 376 2973 et
397 2917 522 2972 contra
542 2907 724 2976 adversam
744 2909 927 2976 fortunam
949 2908 998 2973 ita
1016 2915 1165 2989 tuetur,
1189 2913 1231 2970 ut

235 3019 378 3086 nullum
411 3018 485 3086 sere
518 3019 644 3087 sentiat
664 3021 847 3088 damnum.
898 3019 1022 3104 Illius,
1050 3039 1154 3106 quem
1177 3016 1253 3082 rei.

233 3131 419 3199 familiaris
440 3133 623 3222 angustiae
643 3157 665 3200 a
684 3132 913 3224 suscipiendis
935 3130 1083 3220 negotiis
1108 3129 1249 3196 deter-·

233 3254 341 3333 rent,
367 3247 526 3313 animum
554 3244 742 3314 confirmat
774 3258 810 3314 et
830 3244 957 3335 erigit,
983 3267 1136 3333 eumque
1157 3242 1232 3334 fine

234 3369 336 3425 metu
369 3356 513 3426 consilia
544 3357 605 3424 sua
638 3359 682 3426 ad
716 3359 852 3425 exitum
885 3356 1081 3445 perducere
1115 3355 1229 3423 iubet.

234 3471 486 3540 Mercatorum
521 3473 631 3562 igitur
659 3474 797 3538 animos
831 3471 985 3559 excitat,
1021 3470 1162 3562 ingenia
1188 3493 1233 3536 a-

236 3585 333 3673 cuit,
360 3608 552 3653 numerum
580 3595 711 3676 auget,
733 3595 790 3670 et,
823 3607 894 3674 quo
912 3586 1065 3651 maxime
1089 3581 1233 3651 extensa

236 3696 319 3764 sunt
350 3700 584 3788 commercia,
612 3698 720 3767 maris
753 3696 915 3789 pericula
943 3697 1007 3766 fibi
1032 3693 1172 3765 subiicit
1194 3702 1233 3761 et
1260 3739 1262 3743 ψ

236 3805 404 3877 fortunae
436 3813 544 3901 eripit
575 3812 857 3882 inconstantiam.
1340 3794 1345 3809 ⁸

288 3918 346 3989 Ab
358 3922 424 3991 hec
435 3926 694 3999 assecuratione
708 3934 835 3995 contra
846 3920 954 3990 maris
965 3918 1128 4012 pericula
1137 3942 1232 4013 pro·-

1184 4033 1231 4104 be
