2970 5018
235 445 284 517 90
439 415 536 490 nu
593 372 1026 491 Punicuso

232 602 444 702 siracusam
470 630 588 699 assiu
617 630 775 700 cenna
802 631 970 722 aarum
1001 627 1058 702 vel
1090 632 1135 700 aa
1153 632 1235 703 aua

235 768 380 839 quoque
403 745 566 835 pericula
600 745 743 812 extendi
768 747 865 815 solet.
919 745 1143 836 Magnopere
1164 747 1236 837 igi-

234 870 299 928 tur
341 859 513 944 interest,
554 853 720 924 definitas
764 858 848 948 ipsis
889 857 1076 926 subiecisse
1111 860 1238 926 notio-

160 988 163 993 “
233 994 320 1059 nes,
358 993 404 1041 ne
446 971 486 1038 in
529 969 775 1060 investiganda
819 969 941 1039 damni
983 970 1056 1039 dati
1096 971 1236 1063 origine

234 1083 372 1175 aliquid
403 1081 566 1173 periculo
582 1081 790 1166 tribuatur,
815 1084 861 1152 ab
884 1085 1125 1153 assecuratore
1150 1086 1236 1154 sus-

237 1207 365 1288 cepto,
409 1193 544 1266 etiamsi
594 1193 800 1265 detrimenti
835 1198 906 1267 alia
944 1199 1067 1267 caussa
1110 1196 1237 1268 suerit.

238 1311 332 1380 Cum
365 1332 452 1380 vero
491 1308 731 1396 assecuratio,
771 1311 888 1400 qualis
924 1336 966 1380 ea
996 1311 1072 1402 lege
1102 1310 1236 1382 consti-

115 1441 120 1451 ·
238 1424 379 1509 mitur,
405 1420 587 1489 interdum
622 1421 813 1490 assecurati
843 1425 1027 1516 proposrto
1060 1448 1135 1492 uon
1156 1423 1236 1490 suf-

237 1533 334 1604 ficiat
346 1585 357 1624 ,
406 1534 463 1602 sed
504 1535 672 1603 clausulis
715 1533 910 1626 dilatetur,
953 1538 1071 1630 prima
1111 1538 1237 1629 capitis

238 1638 391 1722 sectione
423 1648 468 1718 de
500 1650 572 1719 illis
605 1649 775 1740 periculis
794 1673 899 1741 agere
922 1648 1118 1739 constitui,
1144 1675 1236 1741 quae

238 1763 315 1855 ipso
358 1763 438 1831 iure
475 1764 521 1831 ad
566 1763 863 1831 assecurationem
899 1788 976 1833 non
1011 1764 1234 1834 reseruntur.

240 1876 368 1947 Altera
396 1886 514 1945 autem
537 1900 579 1947 ea
597 1875 810 1947 recensenda
832 1887 941 1945 erunt
960 1878 1070 1943 maris
1091 1878 1239 1967 pericu-

239 1989 299 2077 la,
336 2013 426 2079 quae
454 1989 530 2079 ipso
556 1984 636 2059 iure
666 1988 922 2057 assecurationi
955 1987 1111 2056 subiecta
1140 1990 1239 2059 sunt·

289 2102 389 2171 Side
412 2102 581 2191 periculis
602 2101 734 2194 loquor
742 2128 754 2191 ,·
791 2102 921 2194 quibus
943 2103 1164 2171 assecurator
1189 2101 1237 2169 fi-

238 2238 284 2287 ve
313 2238 357 2283 ex
392 2215 519 2283 additis
546 2217 749 2284 contractui
783 2215 949 2285 clausulis
977 2215 1046 2284 sive
1065 2214 1140 2304 ipsa
1160 2214 1236 2304 lege

114 2322 120 2331 ¹
237 2328 457 2416 subiicitur,
497 2328 601 2397 facile
635 2307 896 2419 intelligimus,
929 2328 1106 2419 impensas
1140 2351 1237 2418 quo-

137 2525 143 2532 ·
237 2466 331 2534 que,
356 2464 447 2535 quae
482 2464 526 2509 ex
542 2442 597 2509 his
615 2441 786 2531 periculis
808 2442 1003 2529 oriuntur,
1028 2440 1073 2508 ab
1093 2441 1236 2508 assecu-

236 2567 358 2625 ratore
383 2555 615 2624 restituendas
647 2555 732 2622 esse.
785 2554 961 2641 Quamvis
984 2556 1094 2647 igitur
1115 2556 1159 2622 ad
1175 2555 1237 2620 iu-

238 2670 350 2738 stituti
386 2670 501 2741 nostri
518 2659 521 2666 ¹
541 2670 718 2737 rationem
759 2668 881 2736 damni
927 2668 1113 2742 resarcitio
1159 2688 1233 2733 non

236 2781 440 2870 pertineat,
454 2783 684 2851 memoranda
698 2790 826 2850 'tamen
842 2780 1042 2850 differentia
1053 2789 1107 2847 est
1120 2827 1129 2864 ,
1141 2799 1234 2866 quae

235 2894 333 2961 iuter
353 2894 433 2960 iura
452 2897 570 2984 patria
592 2919 634 2963 ac
658 2894 798 2964 Gallica
811 2894 957 2964 obtinet.
970 2889 1231 2976 -Peerrniae,

237 2990 350 3096 (puae,
378 3006 478 3074 illato
498 3007 629 3077 damno
651 3010 855 3096 maritimo,
875 2994 991 3074 adres
1016 3002 1234 3072 conservan-

234 3118 299 3193 das
322 3118 536 3188 necessariae
559 3121 668 3208 suut,
688 3122 903 3212 plerumque
924 3116 1009 3185 navi
1022 3112 1233 3183 reficiendae

232 3256 276 3303 ac
315 3232 511 3325 purgandis
542 3242 579 3302 et
607 3233 834 3302 emendandis
869 3227 1048 3297 mercibus
1079 3227 1231 3318 impen-

232 3347 396 3433 duntur,
443 3347 502 3419 vel
543 3345 569 3415 fi
609 3345 746 3415 sumtus
788 3345 833 3414 ad
864 3339 1068 3435 reparanda
1101 3342 1233 3413 damna

233 3457 350 3551 fiunt,
379 3483 471 3553 qnae
505 3457 555 3528 'ab
593 3459 695 3528 hoste
735 3458 971 3545 inseruntur,
1010 3479 1055 3525 ex
1093 3457 1233 3525 redem—

233 3573 332 3645 tione
344 3626 356 3667 ‚
382 3574 655 3669 recuperatione
683 3572 741 3643 rel
765 3571 867 3642 navis
890 3564 1054 3643 vindiciis
1078 3569 1230 3637 existere

192 3694 195 3701 '
233 3685 360 3759 solent.
411 3687 504 3759 Cum
533 3710 620 3759 vero
652 3685 756 3766 sacile
776 3683 856 3755 fieri
874 3683 1006 3777 possit,
1022 3693 1064 3753 ut
1084 3682 1229 3769 impen-
1289 3748 1294 3758 ,

234 3800 291 3867 sae
314 3805 352 3870 iu
377 3826 454 3871 rem
485 3802 663 3892 quandam
693 3799 834 3887 sactae,
864 3800 1098 3866 assecuratam
1128 3793 1228 3860 sum-

233 3932 329 3980 mam
372 3928 589 4006 excurrant,
632 3916 842 4007 quaeritur,
888 3933 976 3980 num
1002 3901 1227 3997 assentireto'r

1183 4027 1226 4088 ea
