2970 5018
390 456 1090 538 Assecnnnroals·
1195 469 1312 545 61¹¹

242 677 357 748 tiones
379 675 495 745 Gallis
515 676 591 769 lege
611 675 763 767 antique
786 673 894 743 fuisse
912 675 1133 767 prohibitas,
1158 701 1243 748 mo·
1310 667 1313 673 ’

241 792 287 860 do
307 791 474 863 vidimus.
937 852 941 865 ,

291 905 335 979 In
352 902 576 988 diiudicanda
592 911 712 970 autem
732 899 798 968 hac
829 899 1037 990 quaestione
1066 902 1239 991 inprimis.

240 1011 545 1111 mihi-tenendum
577 1014 650 1082 esse
671 1013 836 1096 videtur,
853 1082 856 1087 ,
871 1012 1024 1102 periculi
1058 1012 1239 1087 obiectum
1291 1048 1294 1053 ·

209 1186 215 1211 ,ἃ
240 1131 313 1198 este
335 1106 534 1197 libertatem
546 1176 557 1212 ,
593 1124 767 1214 adeoque.
784 1123 893 1191 huius
911 1121 1137 1206 ¹redemtione
1169 1152 1241 1197 ne-

228 1242 430 1314 cessariam
463 1234 702 1317 conditionem
729 1237 919 1306 contineri.
972 1237 1104 1308 Stricto
1128 1242 1240 1332 igitur
1367 1288 1370 1294 ·

238 1355 319 1422 iure
339 1355 464 1439 nulla,
501 1352 655 1440 opinor,
682 1359 743 1422 est¹
766 1351 1015 1421 assecuratoris
1048 1352 1238 1445 obligatio,

241 1469 268 1537 fi
299 1464 528 1536 redemtionis
558 1463 717 1552 pretium
748 1462 928 1532 definitam
962 1466 1104 1554 polizza
1136 1469 1237 1536 sum-

239 1604 331 1648 mam
352 1579 525 1663 excedat,
550 1575 609 1647 vel
629 1599 672 1644 ea
692 1576 797 1644 eliam
819 1577 864 1646 ob
886 1580 1042 1648 caussam
1063 1577 1141 1647 fieri
1161 1604 1238 1650 non

238 1690 361 1783 posfit.
388 1725 435 1743 —-
460 1688 567 1756 Hanc
588 1689 796 1757 sententiam
816 1688 896 1757 iure
918 1691 1036 1780 patrio
1056 1716 1130 1760 non
1150 1703 1237 1760 ten·
1334 1679 1337 1685 ¹

239 1815 317 1872 tum
335 1802 596 1892 recipiendam,
623 1826 750 1873 verum
773 1814 954 1893 receptam
977 1827 1121 1894 quoque
1140 1807 1238 1873 fuis-

209 1973 215 1988 .
238 1918 298 2003 se,
325 1926 536 2006 argumento
559 1916 646 1983 mihi
667 1915 708 1983 fit
730 1916 789 1983 lex
808 1913 919 1983 Amst.
932 1914 1036 1983 Art0.
1065 1921 1236 2008 14‚q11a0

237 2053 304 2116 ca,
350 2039 522 2118 tanquam
545 2027 813 2115 fundamento,
860 2026 1100 2119 superstructa
1132 2033 1237 2102 vide-
1322 2026 1325 2035 ’

236 2152 301 2208 tur
336 2139 445 2235 (26).
505 2140 627 2233 Hanc
652 2142 748 2209 enim
791 2142 926 2233 legem,
970 2142 1052 2211 lieet
1086 2143 1235 2215 definito

236 2254 378 2344 polizza
411 2256 558 2345 pretio,
583 2253 758 2351 libertatis
787 2265 907 2323 tamen
927 2255 1152 2324 redimendae
1173 2282 1237 2326 ra-

237 2369 371 2447 tionem
399 2365 584 2455 habuisse,
608 2367 690 2434 inde
711 2376 841 2457 patet,
869 2368 965 2458 quod
990 2368 1149 2457 reliquae
1167 2380 1238 2458 pe·-
1346 2398 1348 2405 ·

239 2481 365 2548 cuniae
399 2480 552 2549 reverlio
586 2481 600 2570 (
610 2477 797 2570 ristorno)
834 2479 982 2564 iubeat,
1030 2479 1056 2547 fi
1088 2479 1237 2550 libertas

238 2594 372 2662 minori
400 2594 573 2683 pecuniae
593 2594 730 2662 summe
752 2595 909 2675 redemta
927 2594 1027 2660 esset.

288 2705 379 2774 Cum
409 2729 495 2775 vero
518 2708 604 2774 haec
633 2706 743 2776 stricti
768 2707 859 2777 iuris
886 2715 1079 2797 praecepta
1110 2707 1236 2799 iniqua

237 2818 275 2886 in
288 2819 470 2908 captivum
484 2818 572 2906 fint,
600 2820 688 2910 qui,
715 2819 914 2886 assecurata
932 2819 1118 2909 libertate,
1137 2821 1236 2890 haud
1289 2894 1292 2898 Α

237 2931 464 3009 sufficientem
488 2933 661 3023 pecuniae
681 2931 853 2998 summam
868 2930 1076 3002 definiverat
1090 2985 1100 3022 ,
1114 2935 1232 3027 speci-

238 3046 344 3110 minis
365 3047 462 3113 laud.
486 3054 650 3112 auctores
674 3040 719 3109 ab
741 3043 808 3111 hac
831 3044 957 3137 regula
986 3049 1233 3138 exceptionem
1270 3043 1272 3047 ’

237 3157 476 3245 admiserunt,
515 3159 663 3227 fisrtasse
694 3157 733 3225 in
768 3160 847 3227 iure
884 3162 1002 3250 patrio
1035 3175 1228 3253 receptam.

238 3266 451 3336 Assecurato
481 3273 577 3339 enim
606 3270 809 3338 concedunt
841 3272 1023 3342 definitam
1056 3276 1233 3366 pecuniae

239 3384 410 3446 lumniam
443 3379 487 3447 ab
519 3385 760 3454 assecuratore
791 3389 962 3478 exigere,
1001 3387 1026 3455 fi
1055 3388 1233 3478 probatur

238 3516 314 3561 cam
333 3488 492 3558 libertati
510 3495 735 3566 redimendae
755 3523 832 3567 non
851 3500 1010 3568 sufficere
1032 3501 1114 3590 (art.
1130 3502 1229 3589 515).

239 3605 349 3692 Quod
371 3619 453 3671 cum
473 3604 672 3689 assecurato
691 3620 834 3677 tantum
866 3610 1071 3677 concesium
1095 3611 1161 3699 fit,
1187 3610 1233 3678 ad

239 3722 317 3788 eius
338 3716 506 3789 haeredes
524 3741 601 3787 non
622 3720 884 3788 extendendum
907 3720 1063 3790 videtur.

1174 3834 1233 3906 Ex

275 4000 343 4066 (26)
368 4001 415 4055 Cf.
430 4002 513 4068 Sper.
531 4001 550 4054 1,
571 4011 701 4063 art.515.
765 4066 800 4136 F
