2970 5018
278 448 981 565 *Assucuutronrs⁴
1079 462 1131 559 ⁵⁷.

139 671 256 760 stunt,
283 668 327 738 ab
358 667 600 737 assecuratore
622 688 700 736 non
723 669 981 739 restituuntur.
1023 667 1134 739 Asse-²

138 783 337 857 curationis
358 783 455 875 enim
475 791 626 850 naturae
652 792 831 872 repugnat
844 832 855 870 ,
870 792 925 850 ut
947 782 1134 852 assecura-

137 890 227 970 toris
250 897 398 967 fortuna
421 894 465 963 ab
489 896 565 986 ipso
596 893 795 962 assecurato
826 894 884 966 vel
904 892 949 962 ab
972 917 1014 964 eo
1037 918 1133 988 pen-

138 1015 260 1098 deret,
286 1010 344 1078 cui
358 1090 362 1095 ,
376 1008 498 1076 damni
543 1007 617 1074 dati
638 1007 820 1077 resarcitio
856 1007 1017 1078 facienda
1064 1020 1130 1079 est.

137 1125 272 1195 Nullus
300 1124 412 1217 igitur
442 1121 519 1190 eius
553 1119 772 1190 restitutioni
818 1121 920 1191 locus
954 1124 1067 1212 esset,
1106 1122 1133 1193 s1

134 1239 211 1329 illi,
240 1260 395 1332 quorum
419 1233 465 1302 ob
484 1234 611 1302 initam
652 1234 946 1306 assecurationem
976 1237 1134 1306 interes·
1258 1241 1282 1322 '¹

135 1355 186 1424 set
220 1353 461 1445 assecuratum
482 1341 624 1439 perire,
650 1348 716 1440 ipsi
751 1349 892 1418 insidias
914 1349 1136 1421 struxerant·

134 1464 256 1559 Atque
277 1466 370 1534 idem
390 1463 433 1531 de
458 1483 499 1528 eo
524 1461 606 1530 casu
638 1463 911 1531 existimandum
945 1473 1021 1551 est,
1057 1486 1132 1554 quo

28 1568 33 1578 ’
134 1581 193 1652 vel
217 1581 291 1669 ipse
317 1577 539 1645 assecuratus
562 1597 690 1645 manus
712 1574 775 1643 s1bi
803 1575 954 1645 inferret
985 1576 1042 1649 vel
1073 1576 1134 1644 sa-

135 1697 194 1761 cto'
219 1691 280 1759 suo
304 1690 430 1758 mortis
456 1710 614 1781 poenam,
634 1688 781 1758 subiret.
803 1728 853 1740 -
874 1687 942 1756 Sed
972 1687 999 1757 li
1037 1691 1133 1761 ritae

135 1803 350 1874 assecuratio
385 1826 468 1871 cum
498 1801 697 1891 reditibus,
723 1802 768 1871 ad
801 1802 895 1873 ritae
929 1799 1037 1870 finem
1060 1803 1133 1872 du-

131 1916 297 1988 rantibus
325 1916 537 2006 confertur,
578 1916 618 1984 in
663 1916 707 1984 iis
744 1914 969 1984 incommode
997 1936 1038 1984 ea
1066 1917 1133 1986 de-

131 2030 433 2125 prehenduntur,
481 2053 572 2122 quae
610 2028 654 2097 ab
688 2031 764 2122 ipsa
803 2029 981 2121 depellere
1014 2032 1135 2101 conati

132 2146 266 2215 sumus.
317 2142 504 2212 Debitoris
534 2142 630 2210 enim
654 2144 803 2213 interest
820 2142 923 2213 illum
941 2143 1132 2235 decedere,

132 2259 193 2326 cui
233 2258 369 2328 reditus
414 2255 573 2328 solvendi
614 2258 720 2347 sunt,
757 2281 839 2328 cum
879 2258 1134 2327 assecuratoris

132 2371 295 2461 interfit,
341 2370 477 2442 salvum
512 2370 584 2439 esse
619 2372 887 2458 assecuratum3
929 2382 1037 2461 atque
1084 2370 1132 2438 fic

135 2483 278 2575 quidem
307 2483 489 2575 legislator
520 2506 651 2575 parum
675 2485 738 2555 fibi
758 2484 963 2556 convenisse
984 2483 1133 2551 censen-

134 2597 203 2664 dus
233 2597 346 2684 esset,
383 2595 470 2687 qui,
492 2619 576 2667 cum
609 2600 752 2668 reditus
781 2598 863 2666 illos
893 2594 969 2687 lege
992 2597 1133 2688 permi-

134 2711 252 2799 sisset,
279 2711 373 2782 ritae
403 2720 523 2780 tamen
554 2713 849 2780 assecurationem
873 2708 1096 2799 reprobaret.

182 2824 242 2893 Ex
258 2823 321 2911 iis,
339 2822 536 2914 quaedicta
555 2824 662 2914 sunt,
689 2823 792 2893 facile
809 2823 993 2915 ridemus,
1011 2847 1132 2916 quan-
1165 2838 1167 2842 ’
1228 2864 1231 2869 ·

105 2944 108 2948 ’
135 2946 213 3005 tum
231 2935 276 3007 ab
299 2937 378 3007 alea
407 2948 517 3030 atque
548 2937 631 3006 lusu
661 2938 748 3008 haec
779 2937 992 3008 assecuratio
1013 2938 1129 3010 distet.

134 3050 243 3119 Aleae
274 3062 443 3121 naturam
472 3050 686 3120 assecuratio
706 3051 846 3140 induit,
869 3051 1012 3145 quando
1033 3052 1132 3120 asse-

136 3162 252 3230 curati
274 3186 350 3255 non
394 3165 545 3234 interest
576 3188 654 3234 eam
688 3166 930 3254 contraxisse,
962 3164 1058 3256 quod
1091 3164 1131 3231 in

134 3274 229 3348 ritae
248 3275 505 3347 assecuratione
526 3302 601 3349 non
620 3277 770 3349 obtinet.
831 3277 975 3367 Nonne,
999 3277 1024 3345 fi
1049 3275 1131 3367 quis

134 3410 171 3460 v.
210 3412 264 3482 gr.
291 3388 331 3457 in
359 3389 543 3463 Coloniam
568 3393 728 3463 Indicam
756 3390 967 3486 profectus,
1002 3389 1134 3458 itinere

131 3501 294 3594 perfecto
323 3526 480 3595 roo,ooo
502 3505 540 3576 fl.
567 3507 733 3594 habebit,
759 3506 836 3574 eius
869 3502 1023 3570 familiae
1043 3511 1131 3567 tan-
1164 3493 1167 3500 ’

131 3614 162 3684 ti
197 3616 372 3708 interest,
394 3619 511 3710 ipsum
537 3617 672 3687 salvum
690 3615 858 3686 rediisse?
879 3651 928 3665 -
955 3611 999 3681 In
1029 3611 1131 3679 eius-

131 3728 229 3798 modi
260 3728 356 3802 vitae
385 3728 647 3800 assecuratione
676 3728 898 3796 assecuratus
927 3724 1001 3816 ipse
1023 3723 1129 3792 dam-

41 3872 45 3879 ,
129 3861 221 3911 num
246 3867 327 3913 ,non
361 3843 467 3913 sentit
501 3865 567 3911 nec
592 3839 784 3933 pecuniam
814 3836 965 3928 recipit,
999 3837 1057 3907 sed
1086 3838 1128 3910 in

130 3950 293 4031 favorem
317 3958 419 4059 ,tesffi
450 3956 658 4053 stipulatum
687 3963 760 4044 est,
793 3950 914 4050 quod,
939 3971 1021 4024 cum
1043 3951 1127 4020 iure

1071 4087 1128 4135 cr-
