2970 5018
326 458 376 532 68
521 456 619 532 DE
680 456 1128 532 PERICULO

320 671 503 740 rationem
533 668 708 750 adnrifisse
746 667 970 759 videantur,
1009 671 1163 740 faciendi
1202 681 1324 740 tamen

327 784 428 853 nauli
449 784 746 853 assecurationem
772 781 900 850 diserte
927 784 1203 872 prohibuerunt.
1231 785 1322 852 Cum

326 890 414 967 vero
435 899 516 966 iura
538 897 658 988 patria
679 893 764 963 huic
788 893 874 986 legis
899 882 1057 965 Gallicae
1079 897 1323 966 constitutioni

325 1008 512 1099 eregione
538 1008 607 1076 lint
629 1003 815 1096 oppetita,
842 1006 968 1097 paucis
1002 1008 1210 1094 videamus,
1237 1007 1325 1098 quid

258 1179 261 1184 .
326 1120 529 1210 speciminis
563 1117 679 1188 nostri
713 1108 877 1186 auctores
910 1121 1092 1210 moverit,
1130 1119 1324 1212 'reprobata

327 1232 467 1301 Codicis
490 1232 590 1323 lege,
616 1230 662 1297 ad
681 1230 831 1320 antiqua
858 1231 1010 1302 rediisse.

378 1345 498 1436 Supra
517 1345 588 1413 iam
609 1343 785 1428 diximus,
806 1341 932 1411 Gallos
952 1345 1124 1438 principii
1135 1345 1243 1415 fuisse
1264 1357 1324 1415 te-

326 1455 564 1543 nacisfimos,
602 1454 900 1524 assecurationem
933 1468 1077 1526 tantum
1112 1459 1246 1530 versari
1283 1461 1323 1526 in

327 1569 486 1640 cavendo
518 1569 674 1656 damno,
702 1566 797 1658 quod
818 1590 859 1635 re
881 1592 968 1639 vera
991 1572 1188 1642 inducitur.
1241 1573 1323 1640 Hoc

323 1683 506 1775 principio
541 1705 666 1749 omnes
701 1679 959 1771 superstructae
993 1685 1077 1752 sunt
1106 1685 1325 1779 prohibitio-

324 1819 411 1884 nes,
439 1818 530 1888 quae
550 1795 717 1885 deinceps
738 1804 846 1862 erunt
859 1795 1103 1864 recensendae.
1157 1797 1268 1885 Quod
1280 1799 1325 1867 ad

327 1909 528 1979 faciendum
576 1907 728 1977 naulum
770 1907 921 1994 attinet,
958 1906 1048 1975 illud
1087 1910 1325 2000 navigationis
1385 1977 1388 1982 .

325 2023 438 2093 felicis
470 2021 649 2113 pretium,
688 2022 848 2112 adeoque
874 2021 1052 2090 incertum
1085 2031 1162 2107 est3
1188 2023 1321 2110 imme,

330 2136 357 2207 [i
383 2136 473 2204 inita
502 2136 741 2203 conventione
765 2134 961 2204 assecurari
989 2134 1133 2227 posset,
1158 2144 1323 2226 temporo

327 2235 438 2319 initae
482 2247 751 2316 assecurationis
788 2257 909 2315 tamen
946 2246 1107 2316 nondum
1140 2247 1320 2316 existeret.
1432 2236 1434 2251 ¹

329 2361 423 2432 Cum
449 2361 570 2452 itaque
593 2359 805 2428 assecuratio
828 2371 967 2431 certum
996 2361 1158 2430 redderet
1179 2360 1325 2430 lucrum

329 2476 489 2568 n'ondurn
511 2473 687 2559 existens,
713 2471 915 2563 legislator,
941 2497 1019 2543 earn
1040 2475 1264 2544 concedendo
1291 2475 1325 2543 se

331 2589 448 2680 ipsum
471 2586 591 2655 fraudi
610 2586 730 2653 ansam
745 2584 916 2655 daturum
936 2588 1161 2657 existimabat
1182 2588 1288 2680 (54).

383 2699 557 2785 Quamvis
579 2723 666 2768 vera
689 2699 780 2786 lint,
803 2707 898 2790 'quae
919 2699 962 2768 de
983 2700 1121 2771 obiecto
1144 2699 1321 2792 periculi,

329 2819 493 2900 tempore
523 2822 727 2881 contractae
764 2814 1035 2883 assecurationis
1067 2813 1227 2882 nondum
1256 2833 1324 2878 ex-

328 2922 475 3011 stantis,
501 2923 698 3013 dicuntur,
725 2925 814 2995 illud
844 2937 988 3015 tamen,
1015 2927 1143 2993 itinere
1169 2922 1321 2991 feliciter

329 3046 500 3130 peracto,
535 3035 635 3104 adest
667 3047 703 3104 et
732 3042 931 3127 exercitos,
966 3038 991 3105 li
1018 3037 1120 3106 navis
1146 3036 1321 3126 perierit,

330 3141 456 3220 carisio
488 3148 597 3217 naulo
631 3147 822 3238 stipulato,
856 3154 1025 3221 damnum
1055 3167 1131 3216 non
1158 3159 1324 3218 contem-

328 3263 487 3337 nendum
510 3262 660 3353 patitur.
695 3262 805 3331 Recte
825 3265 934 3355 igitur
952 3262 1062 3331 Curia
1081 3260 1321 3353 Cassationis,

210 3394 215 3407 '
329 3378 491 3449 concessa
511 3377 579 3448 hac
601 3377 882 3467 assecuratione,
904 3385 1140 3447 mercatorum
1159 3399 1324 3447 commo-

1268 3491 1322 3560 dis

292 3767 295 3771 ,
359 3707 429 3777 (34)
454 3711 512 3763 Hoc
535 3709 610 3764 sensu
634 3724 830 3765 aususausus
858 3706 939 3764 dixit:
983 3708 1089 3763 Voulotr
1109 3711 1198 3775 exigar
1214 3707 1256 3760 des
1279 3720 1322 3758 as·

239 3782 242 3795 '
318 3790 425 3858 fisrsors
443 3796 467 3845 Ιι
479 3798 545 3861 prix
563 3794 625 3848 a'un
639 3803 712 3859 fret,
731 3798 777 3863 qui
798 3796 844 3848 n’a
861 3797 962 3860 januis
976 3795 1073 3857 existi,
1090 3796 1152 3844 εἰει
1169 3794 1265 3844 donner
1282 3805 1318 3842 un

325 3886 396 3941 corps
413 3878 431 3928 a
450 3880 477 3928 la
493 3882 579 3944 pensis
597 3891 623 3932 et
640 3881 747 3943 realiser
765 3897 800 3932 an
825 3881 880 3932 ltro
897 3881 928 3931 dc
946 3879 1052 3944 raison,
1078 3879 1139 3928 c’est
1157 3877 1261 3929 indum
1283 3876 1318 3932 les

322 3964 467 4030 capitanus
483 3960 499 4011 a*
512 3963 630 4030 sacrifice
646 3965 762 4019 l'interst
778 3967 821 4020 des
836 3963 993 4019 marctards
1013 3962 1189 4032 chaeream·
