2970 5018
226 528 231 537 .
354 467 441 549 2114
580 453 1237 545 onruurouuo

371 672 508 747 tmbitu
539 670 712 744 constare
742 669 920 744 rideatur.
983 665 1118 738 Omnes
1147 677 1283 751 autem,
1298 674 1373 760 pe'·

355 790 587 861 -riculorum-
604 788 736 880 species
766 785 973 871 recensere,
995 784 1189 851 assecurati
1210 804 1280 874 pro
1304 805 1372 857 re-

373 928 455 974 rum
487 902 691 971 conditione
723 899 806 975 iura
831 907 868 966 et
896 895 1129 988 obligationes
1156 918 1371 988 exponere,

369 1017 416 1087 ad
457 1016 609 1087 instituti
625 1082 631 1091 ,
646 1013 717 1082 mei
754 1013 932 1081 rationem
962 1010 1092 1080 reserri
1124 1032 1199 1080 non
1230 1020 1368 1100 potest.

349 1129 547 1216 :Quamvis
574 1128 671 1197 enim
701 1124 922 1214 multarum,
957 1146 1046 1215 quas
1066 1124 1265 1216 proposui,
1288 1122 1371 1189 dis-

366 1244 589 1312 tinctionum
629 1239 767 1309 utilitas
809 1237 850 1307 in
890 1237 1013 1307 damni
1041 1236 1267 1306 resarcitioue
1299 1236 1369 1315 de-

366 1378 464 1426 mum
497 1362 696 1446 appareat,
731 1332 908 1423 illibatam‘
937 1362 1059 1420 tamen
1085 1352 1179 1446 hanc
1210 1353 1369 1428 materi-

363 1492 422 1537 am
445 1468 600 1565 reliqui,
633 1477 670 1534 et
699 1465 966 1558 permultorum
1000 1447 1147 1558 quoque
1174 1464 1368 1559 periculo-

363 1604 447 1651 rum
486 1580 639 1672 cognitio
657 1648 660 1653 ,
676 1579 764 1659 adeo
802 1603 885 1648 cum
933 1580 1014 1649 iure
1042 1580 1205 1673 gentium
1231 1579 1370 1655 cohae-

364 1704 439 1782 ret,
472 1703 515 1762 ut
549 1693 593 1761 iis
620 1693 841 1784 exponendis
864 1691 909 1789 ab
940 1691 1092 1763 instituti
1123 1692 1266 1763 ratione
1295 1691 1366 1773 de-

362 1807 501 1874 flexisse
532 1806 621 1875 mihi
654 1806 808 1877 tiderer.
843 1845 892 1858 -
925 1804 1085 1875 Maxime
1105 1818 1224 1877 autem
1238 1827 1287 1874 ea
1307 1831 1369 1875 as..

362 1918 607 1989 securatorum
633 1919 822 2010 pericula,
856 1940 950 2010 quae
978 1941 1000 1988 a
1034 1921 1218 1997 ciuitatum
1236 1931 1363 1995 recto-

360 2031 463 2102 ribus
492 2030 703 2123 profluunt,
726 2032 1080 2124 clausulisreslringi
1096 2033 1233 2120 solent,
1266 2055 1364 2124 quae
1439 2020 1442 2025 ⁸

359 2169 428 2238 pro
458 2144 596 2217 diversa
624 2166 749 2217 rerum
767 2145 972 2223 conditione
989 2157 1024 2216 et
1045 2146 1118 2215 fori
1134 2138 1202 2215 usu
1220 2145 1361 2219 diversa

355 2259 498 2328 ratioue
530 2258 825 2349 interpretandae
857 2256 1041 2333 videntur.
1093 2241 1270 2349 Quamvis
1291 2260 1359 2353 igi·

356 2383 420 2443 tur
459 2397 529 2465 pro
553 2373 861 2466 ¹conturbantium
891 2374 1041 2459 arbitrio
1073 2372 1266 2461 differant,
1298 2395 1358 2449 re·

355 2486 572 2578 ceptisfimas
591 2497 723 2559 tamen
752 2485 930 2586 clausulas
962 2487 1362 2573 soor-neutralem&

353 2601 493 2693 tening
521 2638 570 2654 -
602 2603 681 2692 argi
708 2623 782 2672 van
811 2598 942 2675 molest
972 2639 1022 2673 ·.-·
1055 2603 1176 2696 ponder
1197 2592 1358 2677 bourona*

354 2714 593 2803 interpretari
625 2713 796 2785 conabor.

318 2842 322 2851 ·
403 2823 1360 2917 Inessecuratione,subelausulavoorneutrolere·
1424 2862 1427 2866 -

355 2938 493 3029 keniug
526 2949 735 3029 contracta,
772 2942 998 3033 requiritur,
1027 2951 1069 3008 ut
1101 2960 1177 3007 non
1207 2942 1354 3007 tantum

351 3051 405 3120 rei
454 3049 622 3127 dominus
674 3054 850 3123 neutralis
892 3034 956 3143 fit,
1000 3058 1127 3136 'verum
1164 3049 1270 3117 etiam
1307 3061 1356 3120 ut

352 3165 453 3233 omni
479 3163 644 3253 respectu
673 3167 897 3236 neutralium
927 3162 1160 3253 obligationes
1183 3160 1351 3260 impleat.

352 3279 429 3348 Nili
470 3278 692 3347 assecuratus
725 3278 795 3346 illis
824 3274 1055 3362 satisfecerit,
1089 3275 1353 3346 assecuratores

351 3377 473 3463 damni
503 3391 733 3463 resarcitione
751 3413 841 3478 -non
874 3397 1074 3478 tenentur,
1090 3444 1093 3451 .
1109 3374 1255 3458 [isone
1277 3412 1352 3458 na-

351 3506 406 3577 vis
457 3524 635 3585 meroesve
657 3556 662 3587 :
682 3503 866 3581 neutrales
918 3498 1175 3597 confiscantur.
1191 3563 1200 3597 ι
1215 3512 1218 3521 “
1236 3501 1350 3599 ,Iusta

233 3713 234 3717 Ἰ
349 3621 444 3688 onim
473 3631 529 3690 est
556 3619 810 3691 assecuratoris
835 3619 876 3687 in
901 3617 1145 3707 contrahenda
1167 3618 1349 3687 assecura·
1403 3694 1408 3713 Ι,

258 3753 261 3760 ’
348 3732 448 3800 tione
465 3736 706 3825 praesumtio,
728 3733 951 3803 assecuratae
975 3732 1029 3801 rei
1048 3731 1232 3801 dominum
1251 3732 1344 3800 iuris

345 3844 507 3933 gentium
545 3846 823 3939 obligationibus
856 3857 893 3916 et
926 3845 1081 3915 civitatis
1112 3847 1195 3930 suae
1223 3843 1343 3913 foede·

173 4012 176 4019 ,
241 4014 253 4047 s
344 3953 447 4024 ribus
482 3956 554 4027 sese
592 3961 875 4055 compositurum
887 3983 900 4048 3
942 3958 1103 4053 adeoque
1130 3957 1341 4055 damnine·

1279 4069 1338 4141 sti.
