2970 5018
279 496 331 550 ·,
395 398 1089 544 ΜΒΕ-ΌΠΗΑΤΟΒῙὸ.
1176 478 1246 569 1'73

250 694 360 771 mus,
385 681 457 749 iam
477 680 621 774 patuit,
647 680 795 747 nomina
820 693 995 770 portuum
1010 674 1149 772 ‚'‘unde·
1173 690 1244 755 ηας

249 801 306 869 tis
336 797 486 874 solvitur
522 806 559 864 et
590 818 662 885 quo
686 792 862 862 destinata
885 795 929 863 lit
942 798 967 885 ,'
990 796 1163 888 defignari
1183 801 1250 872 de·-

250 910 334 979 be're
348 936 359 998 3
386 911 488 978 cuius
512 920 632 976 tamen
655 908 708 974 rei
729 907 924 997 aliquando
960 910 1000 977 in
1031 912 1247 980 assecurati-²
1273 966 1276 971 .

250 1045 341 1113 one,
368 1027 436 1114 pro
458 1017 557 1090 certo
578 1031 741 1109 tempore
758 1032 968 1110 contracta,
994 1026 1246 1114 exceptionem·

249 1139 322 1207 esse
355 1137 522 1208 vidimus.
583 1133 676 1200 Cum
709 1155 797 1204 vero
827 1157 869 1202 eo
902 1145 1044 1203 tantum
1071 1135 1157 1204 line*
1172 1139 1244 1208 iter

249 1246 487 1342 suseipiattir‚
523 1257 565 1316 ut
590 1269 725 1314 merces
752 1247 797 1314 ab
823 1272 898 1316 uno
919 1249 958 1316 in
980 1249 1092 1320 alium
1121 1251 1244 1322 locum

248 1363 554 1448 amovebantur,
581 1373 657 1430 non
677 1360 747 1427 alia
773 1361 911 1428 itineris
932 1361 1126 1454 defignatio
1148 1365 1243 1434 defi-

249 1479 423 1567 deratur,
470 1499 553 1542 eum
586 1473 712 1542 exinde
726 1528 730 1537 .
744 1473 899 1564 constet,
940 1470 1071 1546 navem
1100 1476 1244 1549 solitum

248 1570 388 1659 itineris
408 1589 552 1656 cursum
578 1578 776 1656 secuturam
795 1579 879 1656 esse.
933 1589 1000 1657 Sed
1021 1590 1046 1658 fi
1068 1593 1169 1661 navis
1191 1593 1239 1662 ed

249 1704 393 1791 locum,
420 1718 492 1794 ‘quo
516 1703 650 1790 tendit,
688 1701 786 1770 sueto
823 1703 930 1770 cursu
965 1718 1041 1770 non
1072 1704 1240 1793 vehitur,

249 1817 308 1887 rel
338 1806 568 1883 intermedius
590 1824 719 1904 portus
741 1814 961 1905 appellitur,
997 1817 1135 1884 necesse
1158 1829 1235 1906 est,

250 1941 291 1996 ut
313 1929 352 1995 in
373 1928 514 2019 polizza
541 1928 649 1995 huius
682 1928 736 1995 rei
757 1931 890 1996 mentio
914 1924 977 1999 fiat
1000 1940 1035 2000 et
1061 1929 1141 1998 loca
1173 1931 1237 2009 illa

245 2041 388 2134 polizza
413 2042 651 2132 delignentun
979 2040 982 2045 ’
1016 2048 1020 2057 ’

248 2210 252 2216 .
295 2154 354 2222 De
371 2155 500 2223 itinere
518 2165 637 2222 autem
658 2176 735 2223 non
752 2164 894 2224 tantum
915 2159 1056 2227 ratione
1073 2158 1239 2227 looortrm

245 2267 405 2336 constare
425 2267 528 2336 debet
539 2317 550 2356 ‚
575 2283 703 2339 verum
720 2269 811 2338 illud
832 2272 938 2340 etiam
951 2283 1116 2362 respectu
1141 2284 1240 2340 tem-

238 2370 352 2472 porie
366 2382 596 2449 determinari
614 2392 770 2471 oportet.
823 2382 995 2479 Poliazae'
1009 2386 1119 2475 igitur
1139 2383 1237 2451 inte-
1268 2408 1271 2413 ·

243 2495 358 2563 renda
376 2495 510 2561 mentio
534 2505 588 2562 est
613 2494 656 2561 de
673 2505 859 2586 tempore,
886 2492 959 2587 quo
979 2496 1081 2564 navis
1101 2517 1238 2562 onera-2

243 2611 294 2677 tio
319 2620 356 2676 et
378 2606 555 2698 profectio
584 2607 793 2677 constitutae
825 2609 906 2677 fint.
958 2607 997 2675 si
1029 2610 1124 2676 enim
1149 2609 1237 2677 haee

242 2719 401 2792 delinitio
414 2722 618 2809 omittitur,
642 2744 719 2791 non
737 2732 880 2790 tantum
892 2720 1057 2812 pericula
1079 2722 1119 2790 in
1140 2745 1235 2790 one-³

241 2835 356 2904 rando
381 2836 571 2928 protrahi,
599 2836 656 2904 ted
676 2835 913 2926 navigationis
933 2834 1079 2929 initium
1094 2834 1141 2903 ad
1161 2857 1235 2926 pe⁴

240 2938 449 3019 ric'ulofiora
465 2951 554 3017 anni
570 2959 735 3041 tempora
755 2950 864 3016 etiam
883 2945 1021 3017 differri
1039 2949 1173 3040 posset.
1290 3035 1293 3039 Δ

281 3062 432 3146 Itineris
453 3064 666 3132 assecuratio
688 3063 795 3130 tacite
818 3061 863 3129 ad
883 3062 1037 3153 primam
1063 3061 1142 3133 eius
1162 3083 1234 3141 naa

241 3174 455 3264 rigationem
484 3179 668 3268 pertinere
691 3175 928 3267 intelligitur,
959 3175 1040 3262 vel,
1075 3173 1101 3244 fi
1129 3176 1234 3244 navia

238 3285 362 3353 itineri
384 3276 566 3358 commisla
587 3301 663 3379 est,
680 3281 733 3359 ¹ea
755 3290 799 3358 de
826 3289 1003 3380 praesenti
1028 3289 1244 3379 navigatioae

238 3406 489 3467 ne‘contraota
511 3401 654 3470 ridetur
675 3403 689 3494 (
701 3405 746 3473 25
760 3405 788 3496 )2
840 3403 937 3473 Illud
957 3411 993 3471 et
1023 3403 1076 3470 rei
1099 3411 1233 3468 natura

236 3511 366 3599 docet,
392 3520 430 3579 et
452 3511 634 3602 plerisque
660 3518 822 3606 polizzae
851 3517 1019 3585 formulis
1050 3513 1230 3583 indicatur

235 3625 278 3694 in
300 3621 421 3697 verbis
445 3644 492 3718 op
516 3648 644 3694 waren
654 3671 668 3730 Ι,
700 3631 864 3721 geladen
889 3631 939 3721 os
961 3649 1037 3720 rog
1059 3637 1096 3694 te
1118 3626 1230 3694 ladon

597 3766 600 3773 ·
1188 3739 1230 3811 ia

268 3979 337 4052 (23)
355 3990 452 4041 tolet.
471 3982 508 4042 11.
528 3982 579 4042 ct.
599 3955 641 4052 13}
658 3975 727 4075 seca
744 3999 772 4050 9.
789 4006 821 4034 .·.
844 3983 865 4042 1.
884 3986 920 4056 89
949 3989 962 4056 ς
981 3999 1007 4041 1.
1026 3987 1054 4043 ffl
1071 3985 1105 4040 de
1121 3979 1158 4041 V·
1174 3984 1202 4036 8.

711 4071 764 4154 Ν.

778 4309 792 4352 Ι
