2970 5018
361 495 1030 573 ‘INTRODUOTIQ
1175 521 1234 569 v11

235 714 380 785 nautico
416 712 599 782 Romanos
630 712 701 781 iam
738 709 896 780 didicisse
928 706 1038 776 maria
1072 708 1233 798 pericula

236 830 276 897 in
308 830 398 896 alios
423 825 633 896 transferre.
994 876 996 883 s

242 1008 245 1012 ,
288 941 425 1027 Medii,
449 940 544 1030 quod
555 938 710 1020 dicitur,
725 933 803 1002 aevi
821 930 1065 1023 temporibus,
1087 943 1231 1025 gentes,

238 1054 331 1121 mari
354 1052 622 1120 Mediterraneo
656 1046 878 1131 adiacentes,
911 1045 1048 1138 legibus
1082 1046 1234 1115 Rhodiis

239 1162 434 1230 utebantur
480 1160 590 1252 (11)
648 1157 740 1223 Cum
775 1181 860 1227 vero
895 1156 939 1224 ab
969 1159 1236 1248 irruptionibus

238 1276 476 1345 barbarorum
500 1273 653 1359 Europa
676 1270 710 1336 se
734 1271 933 1360 reciperet,
959 1270 1132 1338 Italorum
1156 1272 1236 1341 Iiu-

216 1389 298 1456 'dia
329 1388 482 1476 maxime
505 1387 544 1453 in
575 1393 812 1451 mercaturam
836 1384 1052 1456 inciderunt.
1105 1366 1262 1455 Pisana¹

239 1501 365 1569 civitas
395 1500 513 1588 prima
544 1497 651 1563 suisio
683 1497 848 1584 videtur,
882 1521 986 1589 quae.
1003 1499 1158 1567 codicem
1191 1501 1235 1588 de

240 1612 351 1680 rebus
374 1612 418 1678 ad
451 1621 688 1678 mercaturam
711 1601 978 1699 'pertinentibus
1016 1614 1236 1703 condiderit,

241 1747 339 1792 anno
375 1726 467 1815 1075
502 1722 671 1813 Gregorii
704 1722 776 1793 VII
805 1728 1016 1794 auctoritate
1043 1726 1239 1795 confirma·-

166 1880 168 1885 π
241 1848 333 1905 tum.
385 1835 554 1927 Amalphi
589 1837 720 1924 etiam,
759 1838 929 1928 'aliaeque
964 1840 1146 1927 civitates,
1173 1844 1237 1910 sua

241 1952 308 2021 hac
343 1950 385 2018 de
409 1973 449 2019 re
478 1951 758 2041 promulgarunt
777 1951 883 2040 iura,
905 1977 995 2044 quae
1019 1978 1086 2045 pro
1108 1978 1238 2046 magna

241 2075 345 2156 parte
380 2062 517 2155 legibus
557 2062 734 2150 Rhodiis,
769 2074 944 2154 tanquam
976 2066 1237 2156 fundamento,

242 2175 462 2246 nitebantur.
522 2176 687 2266 Cumque
734 2180 924 2268 progressu
957 2181 1130 2269 temporis
1163 2180 1239 2250 hu-

241 2292 426 2358 manitatis
455 2290 667 2358 commercia
691 2289 800 2357 latius
830 2291 1133 2379 extenderentur,
1155 2294 1242 2382 ple-

242 2422 376 2492 raeque
416 2413 561 2494 gentes,
602 2425 693 2492 quae
729 2415 970 2473 mercaturam
1001 2388 1240 2496 exercebant,

245 2515 363 2582 codice
390 2515 507 2605 legum
530 2516 813 2604 maritimarum,
843 2516 944 2584 Italia
968 2517 1157 2605 consolato
1178 2521 1243 2590 det

124 2643 126 2648 ’
206 2720 210 2725 ⁴
244 2651 351 2696 mare
382 2627 504 2726 dicto,
536 2630 617 2696 usae
641 2628 749 2696 fuisse
779 2629 961 2698 videntur.
991 2626 1095 2718 (12).

292 2740 444 2810 Praeter
475 2743 581 2809 maris
601 2741 826 2830 *considatum
841 2756 844 2762 '
858 2741 941 2829 ium
971 2743 1150 2812 maritima
1177 2746 1241 2815 in-

243 2856 338 2924 sulae
364 2853 548 2924 Olerontis
569 2854 682 2944 (Role
707 2853 765 2920 vel
791 2851 1008 2946 Jugementr
1037 2858 1074 2924 d'
1080 2859 1241 2953 oleron)
1300 2874 1311 2887 “

242 2992 370 3060 magna
401 2968 613 3037 auctoritate
654 2967 760 3033 etiam
799 2967 895 3057 apud
938 2960 1077 3036 exteros
1106 2974 1242 3064 'vigue7

242 3093 332 3150 runt
357 3083 463 3175 (15).
517 3079 692 3167 Quamvis
722 3103 762 3148 ea
784 3093 867 3173 post
895 3083 1120 3152 consulatum
1147 3069 1248 3159 edita¹

1102 3258 1106 3262 .
1155 3198 1241 3268 fue-

281 3383 348 3450 (¹1)
366 3399 523 3451 nanneno,
539 3392 710 3457 Einler‘tung,
729 3403 787 3456 pag.
807 3392 858 3446 Vi.

280 3470 348 3534 (ια)
366 3471 405 3520 De
422 3473 521 3534 origine
538 3477 696 3529 consulatus
714 3475 830 3532 conferri
847 3490 964 3535 tueretur
982 3491 1094 3542 arum,
1112 3479 1164 3536 ch·
1181 3479 1239 3541 IV,
1272 3536 1281 3551 .

245 3556 308 3608 Art.
322 3554 347 3605 8.
367 3554 396 3620 §⁰
415 3556 543 3617 imprimis
558 3571 602 3619 35.
1267 3552 1273 3563 ’

199 3702 202 3707 Ι
280 3634 352 3701 (¹3)
378 3639 488 3702 Scriptis
523 3641 638 3691 mandata
656 3642 764 3694 fuerunt
790 3646 847 3695 iura
865 3643 1004 3695 Olerootii
1031 3643 1064 3694 ab
1093 3642 1241 3709 Eteonon,

245 3724 365 3776 Gaianae
383 3721 472 3784 duce,
492 3737 558 3774 anno
576 3722 632 3773 fere
652 3737 728 3786 ¹¹50·
764 3725 831 3775 Dein
859 3739 924 3775 vero
948 3736 1023 3779 ructa
1045 3725 1128 3778 fuisse
1150 3730 1252 3783 viden·

247 3819 290 3858 mr
308 3822 320 3856 a
337 3806 474 3859 Richardo
492 3807 521 3867 i,
547 3806 656 3866 ungriae
673 3817 754 3868 rege,
779 3807 898 3871 Henrici¹
911 3805 988 3860 ducis
1014 3808 1189 3868 Normrndite
1206 3829 1240 3873 cx

246 3891 377 3945 Eteonon
395 3891 465 3946 filio.
501 3905 668 3955 areauna,
686 3889 716 3943 11.
735 3905 795 3958 pag.
814 3893 876 3948 208.

710 4078 874 4164 'At'
