2978 5016
265 347 979 493 aasncnaaaonrs.
1093 438 1144 515 79

144 621 282 687 curatio
305 621 344 688 in
365 623 494 690 damno
516 622 737 692 resarciendo
760 633 911 692 tantum>
926 621 1061 694 versari
1081 622 1147 705 did¹

144 743 273 820 catur,
300 731 390 802 illud
412 737 507 804 inter
527 738 805 805 assecuratorem
838 748 874 804 et
900 736 1143 833 assecuratum

144 845 313 932 obtinet,
362 871 409 914 ne
444 842 524 938 cluis
556 872 631 918 rem
665 851 862 916 assecurari
891 847 1038 936 iubeat,
1073 871 1144 939 pe-

144 942 260 1025 riculo
284 980 360 1025 non
381 958 598 1046 subiectam3
633 983 763 1049 eoque·
781 960 890 1050 magis
922 959 1008 1028 huic
1030 960 1141 1048 prin-

145 1070 240 1160 cipio
261 1069 455 1141 adhaerent
476 1073 595 1162 leges,
620 1073 709 1163 qnia
740 1084 866 1141 contra
900 1070 1077 1163 fallaciam
1105 1079 1144 1149 ct

19 1180 23 1186 ’
144 1182 288 1253 fraudes
309 1186 487 1275 optimum
515 1186 728 1275 praefidium
753 1184 914 1276 praebet,
964 1182 1142 1274 Exemplo

145 1309 265 1365 antem
294 1298 479 1389 propofito
510 1298 648 1375 Maevii
683 1297 827 1377 fraudes
863 1320 939 1367 non
969 1295 1142 1365 videntur

145 1413 379 1500 metuendae,
407 1435 488 1478 cnm
512 1412 609 1478 itlius
641 1411 801 1497 interfit,
826 1409 966 1479 itineris
997 1408 1144 1496 cursum

145 1525 220 1594 fine
242 1525 372 1591 damno
391 1524 438 1590 ad
461 1518 569 1590 tinem
589 1523 737 1613 perduci
763 1525 829 1615 (51
843 1523 871 1614 ).
1057 1603 1059 1606 y

196 1637 287 1704 Cum
331 1636 441 1728 igitur
480 1638 655 1731 pecuniae
696 1636 759 1706 sub
792 1635 1014 1704 bodemeriae
1056 1632 1143 1706 vin-

147 1751 229 1819 culo
260 1738 501 1820 commodatae
545 1751 749 1842 pericnlum
785 1748 1042 1818 commodantis
1074 1746 1116 1815 fit
1125 1794 1143 1837 ‚

147 1864 389 1932 commodanti
434 1866 541 1933 etiam
575 1864 685 1930 huius
721 1861 893 1954 pecuniae
926 1858 1145 1931 assecuratio.

78 2042 81 2048 .
145 1979 225 2046 iure
255 1976 395 2045 Gallico
432 1988 540 2067 atque
580 1976 701 2066 patrio
734 1960 898 2043 concessa
921 1983 986 2042 est.
1039 1971 1143 2040 Fue-

146 2077 236 2163 runt
257 2103 379 2160 tamen
407 2090 475 2159 Icti
487 2064 515 2177 ,⁴
539 2090 603 2180 qui
630 2089 723 2158 hanc
749 2089 1046 2158 assecurationem
1067 2107 1143 2153 non

146 2205 400 2276 admittendam
432 2204 504 2271 esse
539 2203 798 2273 contenderent
841 2202 920 2293 (52
942 2201 956 2293 )
980 2225 997 2287 3,
1040 2220 1145 2266 com·-

146 2319 313 2389 madanti-
345 2317 441 2384 enim
479 2316 675 2406 praemia,
722 2339 813 2407 quae
842 2314 971 2406 legales
1013 2331 1143 2380 usuras

146 2432 354 2516 excedunt,
391 2426 552 2518 stipulari
579 2429 694 2517 licet,
731 2429 817 2520 qnia
842 2427 951 2495 maris
981 2422 1144 2515 pericula

145 2545 248 2613 etiam
280 2544 466 2630 suscepit,
509 2541 668 2633 adeoque
698 2540 744 2609 ab
771 2539 935 2610 usuraria
963 2537 1143 2639 pravitate

143 2654 407 2748 reprobandam
428 2655 551 2725 dicunt
570 2655 894 2739 assecurationem,
923 2672 1015 2742 qnae
1037 2671 1143 2717 com-.

37 2800 41 2808 ·
143 2772 347 2839 madantcm
376 2781 502 2837 contra
528 2769 636 2837 maris
661 2765 823 2858 pericula
853 2772 992 2832 tuetur.
1044 2760 1142 2833 Cum

142 2907 263 2972 vero,
303 2884 318 2975 (
329 2882 426 2974 qnod
447 2882 614 2971 deinceps
644 2880 687 2948 de
722 2877 1021 2970 reassecuratione
1052 2898 1145 2946 mo-.

142 2997 366 3088 achimus),
401 2994 637 3065 assecuratori
675 3003 895 3061 contractam
923 2989 1139 3061 assecurati-

143 3131 247 3175 onem
276 3109 424 3178 alarius
451 3107 614 3200 periculo
636 3107 857 3175 committere
881 3106 1008 3193 liceat,
1036 3101 1137 3173 nulla

143 3221 235 3295 ratio
259 3231 312 3287 est
337 3271 348 3307 ,
376 3245 505 3312 ¹qnare
544 3243 587 3288 ea
631 3220 871 3289 commodanti
904 3216 1140 3287 interdicere·

23 3435 27 3441 *
143 3341 230 3418 tur,
257 3333 320 3421 qni
337 3334 596 3422 quodammodo
615 3335 838 3403 assecurator
856 3331 927 3401 dici
946 3336 1076 3421 potest.
1088 3363 1140 3425 -7
1255 3365 1258 3370 ·

141 3442 243 3513 Talis
266 3443 477 3514 assecuratio
503 3448 606 3517 nullo
636 3449 746 3518 etiam
777 3454 946 3536 respectu
974 3460 1137 3509 commo·-

1067 3550 1137 3618 da-

173 3811 188 3868 t
192 3815 241 3876 51)
263 3824 442 3871 conannas.
464 3809 493 3862 11.
514 3811 550 3862 11.
570 3812 614 3860 n⁰.
634 3812 696 3876 843.

173 3896 245 3962 (52)
271 3909 410 3959 roncar,
429 3896 465 3948 cf.
486 3910 568 3950 amca
597 3895 624 3947 n.
646 3910 701 3959 par.
725 3904 788 3958 a37.

531 4015 769 4131 ¹Ga,
