2970 5018
381 451 1074 537 sssnovnnnon1a
1160 466 1233 562 ns

240 676 365 765 mirato
401 685 565 768 tempore
601 673 796 749 indefinita·
824 678 956 750 itinera
989 676 1231 770 comprehen-

240 779 346 861 dunt.
396 787 495 859 Fieri
514 800 634 861 tamen
657 802 799 882 potest,
823 803 865 862 ut
876 792 944 861 hae
968 789 1014 859 ob
1038 790 1233 883 singulares

241 904 342 974 casus
356 904 546 973 assecurati
563 905 750 996 proposito
759 905 886 975 melius
897 904 1093 977 inserviant
1106 953 1118 992 ,
1130 926 1229 996 ugr.

240 1018 507 1089 siassecurator
529 1017 718 1111 longinqui
737 1017 877 1089 itineris
898 1017 1060 1110 pericula
1079 1040 1154 1085 non
1171 1017 1234 1086 ni-

243 1133 358 1225 fipro
379 1141 478 1202 certo
490 1141 653 1223 tempore
673 1131 852 1224 suscipere
864 1132 1070 1202 consentiat.
1093 1128 1234 1202 Accidit

242 1247 373 1335 etiam,
403 1255 447 1328 nt
468 1243 570 1313 locus
593 1244 840 1331 destinationis
871 1243 1012 1316 definiri
1042 1254 1232 1336 nequeat,

244 1359 342 1450 quod
368 1358 409 1427 in
437 1354 591 1426 navibus
614 1354 773 1446 obtinet,
799 1381 891 1449 quae
917 1359 962 1428 ad
988 1357 1234 1450 praedandum

242 1481 456 1559 armantur,
480 1468 661 1540 ueletiam
678 1471 718 1539 in
736 1471 964 1564 navigatione
975 1471 1118 1560 oraria,
1140 1492 1235 1562 quse

245 1581 361 1652 Gallis
384 1580 581 1654 Caroeam
601 1583 733 1652 dicitur
757 1584 827 1676 (15
839 1585 866 1677 ).
917 1583 1000 1654 Hoc
1021 1585 1133 1677 igitur
1151 1584 1236 1653 casu

244 1695 418 1787 temporis
438 1693 725 1776 definitiobunica
745 1697 837 1767 ratio
857 1708 934 1787 est,
961 1721 1034 1789 qua
1050 1698 1237 1768 assecura-

244 1811 335 1879 toris
355 1810 558 1902 periculum
577 1808 819 1881 circumscribi
839 1819 968 1904 potest.
996 1846 998 1851 ·

253 1980 259 1991 .
293 1922 350 1992 Ea
369 1934 489 1993 autem
513 1925 749 2014 assecuratio,
776 1925 916 1996 ratione
944 1925 1117 2016 temporis
1136 1923 1237 1993 lirni-

245 2048 343 2124 tata,
366 2038 594 2110 contrahitur
604 2038 663 2112 rel
674 2037 819 2111 definito
831 2038 889 2111 rel
899 2035 1082 2108 indefinito
1093 2037 1239 2108 itinere.¹

246 2151 369 2220 Priori
382 2150 471 2242 ¹casu
493 2174 535 2221 ea
551 2175 573 2220 a
593 2148 735 2245 vulgari
749 2150 1013 2223 assecuratione
1029 2176 1073 2222 eo
1090 2161 1236 2223 tantum

245 2262 390 2363 differt,
418 2262 513 2357 quod
526 2265 730 2358 periculum
748 2290 823 2336 non
839 2266 1000 2336 absoluto
1017 2267 1148 2336 itinere
1168 2287 1238 2336 ex-

207 2362 210 2372 *
246 2378 364 2468 piret,
389 2377 447 2446 sed
466 2388 629 2471 tempore
644 2381 870 2452 terminetur.
896 2381 1096 2450 Posteriori
1115 2389 1237 2450 autem

246 2491 460 2559 assecuratio
488 2515 570 2561 curn
602 2494 705 2592 navis
719 2532 722 2537 ·
735 2494 1123 2586 itineratrullopacto
1144 2515 1238 2562 con-

247 2603 467 2703 innotescet,
492 2615 529 2675 et
539 2608 741 2698 navarcho,
770 2629 843 2700 quo
863 2608 975 2697 velit,
998 2607 1166 2697 navigare
1185 2603 1237 2674 li-

247 2728 325 2808 cet,
352 2716 487 2810 ubique
501 2719 721 2812 appellere,
756 2721 874 2790 redire
894 2721 1099 2811 iterumque
1119 2719 1236 2789 relin-

178 2884 186 2899 ..
248 2854 360 2925 quere
371 2841 605 2924 portum-etc.
624 2833 827 2906 Eademvis
842 2844 897 2903 est
906 2832 1084 2903 clausulae
1097 2883 1108 2920 ‚
1119 2831 1239 2903 Gallis

247 2934 419 3034 usitatae,
452 2946 498 3015 de
517 2947 682 3038 pouvoir
704 2947 889 3040 naviguer
903 2958 1070 3038 parcant
1095 2946 1201 3041 (16).

256 3110 263 3130 .>
296 3056 376 3128 Lex
396 3045 535 3130 Gallica
554 3062 704 3153 antiqua
723 3060 896 3153 expressis
915 3059 1034 3133 verbis
1054 3058 1239 3131 assewra-

248 3169 364 3242 tiones
377 3182 538 3267 tompore
557 3173 721 3247 definitas
740 3175 951 3247 contrahere
971 3174 1132 3268 permisit
1143 3175 1239 3268 (17).¹

210 3343 231 3354 ..
249 3283 306 3353 Ea
322 3294 463 3374 autern,
490 3286 677 3379 fipolizrn
699 3291 769 3361 iter
790 3288 977 3362 definitum
1000 3291 1114 3379 esset,
1140 3287 1238 3357 asse-

249 3398 410 3468 wrsttori
428 3400 540 3479 totiuss
567 3403 707 3478 itineris
724 3404 887 3501 pericula
912 3402 1146 3499 imponebat,
1170 3401 1238 3487 hac

1145 3535 1238 3585 con-

284 3809 355 3880 (¹5)
370 3827 461 3870 usn.
478 3809 516 3866 tt
535 3808 586 3866 ch.
607 3822 648 3876 rs.
667 3809 738 3881 Sar.
758 3823 784 3867 r.
804 3816 866 3880 pig.
883 3815 911 3870 ⁶.
998 3852 1007 3880 .

281 3896 353 3963 (16)
371 3911 467 3952 rura.
485 3899 522 3954 11.
541 3895 591 3950 ck.
612 3911 654 3962 ις.
672 3897 742 3951 Sera.
760 3897 788 3952 6.
807 3899 821 3968 ς
837 3912 864 3965 5.

284 3978 356 4052 (17)
373 3982 430 4038 Tit.
448 3980 509 4040 Ass.
531 3982 592 4062 Art.
607 3993 638 4049 7.
658 3995 702 4054 34.
721 3997 765 4050 35.
