2970 5018
211 550 215 559 ,
302 469 992 579 Assuounnronre
1098 468 1151 546 aa

153 689 270 758 iustae
289 686 467 756 'dicendae
490 685 605 755 essent
617 735 629 776 ‚
650 684 694 767 'fi
721 705 829 778 quem
851 683 989 754 fraudis
1011 683 1150 778 poenae

152 802 393 888 subiicerent,
424 811 619 891 antequam
639 799 786 868 aliunde
807 806 933 890 aperta
962 797 1004 867 s1t
1032 810 1068 867 et
1088 799 1149 869 dos

154 914 348 995 monstrata
377 914 509 991 veritas
535 911 641 1004 (57).
692 912 741 979 Iis
769 913 880 1004 igitur
901 913 1055 980 maxime
1085 912 1149 980 in⁴

155 1030 266 1103 servit
293 1028 381 1121 legis
412 1025 667 1119 praesumtio,
706 1025 769 1118 qui
796 1026 836 1095 in
863 1024 971 1094 rebus
1002 1026 1149 1095 incertis

153 1168 179 1214 a
211 1140 399 1237 probanda
434 1139 564 1209 fraude
597 1138 826 1209 deterrentur
853 1162 865 1227 3
908 1132 1151 1209 indemnitatio'

156 1268 278 1329 autem
316 1254 511 1347 praestatio
555 1275 579 1322 a
612 1253 758 1323 'fraudis
795 1252 1013 1347 probatione
1057 1276 1155 1347 pen-r

155 1373 218 1450 det
247 1371 356 1465 (58).

207 1485 301 1556 Cum
321 1507 408 1556 vero
428 1479 508 1551 fieri
528 1479 661 1574 possit,
687 1492 729 1550 ut
752 1481 972 1572 praesumtio
1000 1479 1065 1550 illa
1083 1481 1154 1552 ali-

85 1644 89 1651 -
158 1599 219 1667 cui
241 1595 534 1665 contrahentium.
551 1605 702 1682 noceat,
729 1595 867 1664 factum
887 1596 959 1664 esse
986 1595 1153 1689 ridetur,
1211 1669 1215 1675 ,

160 1719 204 1785 ut
223 1718 338 1777 totam
357 1709 659 1801 praesumtionem
681 1708 757 1798 lege
777 1707 1006 1777 constitutam
1027 1711 1158 1778 reieoe·

160 1824 248 1893 rint.
276 1820 435 1892 Invaluit
453 1823 549 1890 enim
569 1822 752 1910 clausula,
776 1845 872 1914 qua,
895 1824 1157 1892 assecuratione

160 1938 201 2006 in
236 1957 381 2004 omnem
414 1948 587 2006 eventum
624 1937 815 2026 suscepta,
856 1939 937 2028 (op
963 1939 1081 2029 goede
1111 1954 1159 2007 en

159 2050 291 2120 kwade
325 2048 498 2141 trj'ding)
532 2049 812 2141 praesumtionis
846 2048 995 2120 effectus
1029 2051 1160 2120 sublati

160 2166 255 2240 sunt.
283 2160 516 2233 Assecuratus
529 2215 541 2254 ,
555 2165 754 2237 additahuc
771 2165 952 2253 clausula,
977 2187 1052 2232 non
1072 2174 1160 2233 tane

159 2289 239 2348 tum
257 2278 301 2347 de
325 2280 407 2346 casu
430 2277 584 2368 futuro,
609 2278 667 2348 sed
698 2280 804 2349 etiam
830 2280 1027 2370 praeterito
1048 2274 1159 2368 stipuss

160 2391 255 2459 latus
274 2390 371 2480 esse,
393 2413 506 2482 eaque
526 2403 664 2461 metum
688 2391 881 2463 affirmasse
901 2391 1045 2461 ridetur
1066 2389 1156 2480 (59).
1284 2422 1288 2441 ι

162 2503 230 2571 Sed
249 2502 372 2571 multis
399 2503 439 2572 in
462 2503 549 2574 locis
576 2506 742 2576 omnibus
770 2505 918 2574 omnino
942 2502 1158 2570 assecurati-

131 2614 293 2689 'onibus
319 2616 437 2684 addita
459 2627 496 2687 et
525 2619 566 2691 in
594 2619 756 2713 polizzee
779 2615 946 2688 formulis
965 2618 1064 2708 typis
1087 2636 1155 2685 ex*
1280 2719 1282 2724 Ι
1404 2651 1409 2666 ·

161 2732 283 2823 pressa
305 2739 359 2799 est
384 2729 490 2823 (60),

201 2843 314 2929 ¹Licet
331 2867 353 2911 a
372 2867 459 2913 vera
479 2843 750 2917 assecurationis
774 2853 907 2913 natura
934 2842 1021 2911 haec
1052 2842 1156 2912 clau-

162 2959 238 3028 sula
267 2959 441 3047 recedat,
479 2981 521 3026 ea
552 2968 673 3030 tamen
708 2980 784 3025 non
823 2957 967 3028 videtur
999 2956 1156 3046 iniusta,

161 3097 244 3140 cum
264 3073 359 3164 ipsae
385 3072 478 3165 leges
499 3081 649 3144 eventus
672 3080 814 3140 tantum
830 3071 1070 3163 ignorantiam
1093 3092 1158 3138 re-
1273 3124 1276 3131 .

164 3184 320 3274 quirant.
372 3185 428 3254 Ea
455 3187 552 3254 enim
582 3185 870 3254 contrahentium
902 3183 1047 3253 fraudes
1078 3205 1155 3251 non

163 3294 271 3386 tegit,
308 3296 366 3365 sed
386 3299 661 3387 praesumtionis
689 3309 833 3371 tantum
866 3297 1014 3378 effectus
1045 3295 1154 3367 tollit.

165 3408 258 3477 Cum
288 3427 374 3478 rero
409 3412 539 3505 auique
566 3414 672 3485 liceat
702 3415 801 3506 iuri,
835 3413 877 3486 in
905 3412 961 3483 sui
993 3404 1157 3482 savorem

1095 3543 1158 3588 rn-

193 3724 266 3789 (57)
290 3736 438 3786 norman.
456 3725 499 3775 π’.
514 3735 559 3789 25.
594 3737 790 3788 asinanum.
808 3727 834 3778 io
853 3731 895 3776 ω.
1003 3780 1007 3789 ,

200 3809 268 3878 (53)
287 3807 404 3868 noenta.
421 3806 453 3860 nd
471 3808 500 3860 h.
519 3819 566 3860 art.
586 3819 645 3873 pag.
666 3818 726 3870 195.

199 3893 267 3962 (59)
285 3890 452 3957 Locri,ad
469 3892 497 3945 h.
517 3906 566 3944 art.
585 3905 646 3958 pag.
667 3902 727 3957 197.
818 3884 822 3890 ’
1122 3932 1132 3955 ,

199 3980 266 4049 (σο)
287 3994 382 4034 onon.
398 3979 436 4037 11.
460 3977 513 4034 ct.
532 3990 576 4045 ¹5·
592 3977 661 4031 Seu.
681 3990 707 4039 ς.
726 4003 761 4022 -
779 3991 913 4034 erarem
932 3976 983 4031 111.
1011 3991 1070 4047 pag.
1091 3976 1151 4033 162.

642 4083 730 4155 124
