2970 5018
342 524 390 596 86
551 519 648 597 DE
697 518 1127 591 PERICULO

342 767 414 838 que
442 742 518 813 ulla
552 742 774 815 distinetione
794 764 851 810 res
874 742 1091 810 assecuratas
1113 740 1340 809 reassecura-

340 859 376 929 ri
413 858 616 928 concedunt
652 857 741 950 (62).
803 871 960 924 vausune
989 865 1110 922 tamen
1135 853 1181 921 ab
1213 877 1339 922 earum

341 970 465 1043 valore
494 971 740 1042 deducendum
771 967 956 1036 contendit
981 966 1206 1058 praemium3
1228 968 1341 1058 quip-

340 1106 389 1177 pe
432 1084 529 1175 quod
568 1103 784 1175 quocunque
815 1067 938 1149 rerum
967 1091 1122 1168 eventu,
1152 1080 1339 1148 assecura-

340 1196 415 1266 tori
452 1195 690 1287 acquisitum,
728 1190 889 1284 adeoque
930 1193 1099 1282 periculis
1138 1193 1338 1284 expositum

341 1331 419 1379 uon
447 1319 513 1376 est.
565 1306 634 1375 Sed
665 1306 733 1374 usu
753 1305 933 1374 contraria
953 1305 1046 1375 ratio
1065 1307 1243 1396 invaluit,
1268 1331 1338 1376 ne-

343 1443 414 1513 que
442 1421 538 1513 ipsae
560 1420 654 1512 leges
677 1420 769 1490 hane
788 1419 1050 1488 distinctionem
1070 1418 1191 1519 secisse
1209 1422 1337 1493 viden-

339 1543 416 1603 tur.
467 1533 512 1602 In
540 1557 670 1626 genere
703 1533 798 1602 enim
818 1533 861 1601 de
877 1530 1046 1601 omnibus
1067 1531 1175 1603 rebus
1195 1535 1337 1604 assecu-

340 1645 430 1717 ratis
462 1644 556 1738 leges
585 1646 814 1738 loquuntur,
851 1654 888 1714 et
916 1646 1162 1731 assecurator,
1196 1647 1260 1739 qui
1293 1647 1337 1716 ab

341 1782 418 1828 una
448 1770 552 1855 parte
580 1760 852 1830 assecurationis
885 1762 1088 1850 praemium
1117 1762 1271 1853 recipit,
1294 1761 1339 1829 ab

341 1872 456 1941 altera
495 1875 602 1943 etiam
645 1874 922 1944 reassecuratori
965 1874 1165 1969 praemium
1202 1875 1339 1945 solvere
1392 1929 1394 1933 .

341 1994 499 2055 tenetur.
549 1985 706 2079 Legibus
735 1998 856 2058 autem
892 2010 974 2055 cum
1003 1984 1175 2074 Gallicis,
1197 1996 1276 2055 turn
1300 1989 1338 2054 in

343 2099 533 2190 specimine
567 2099 712 2168 laudato
749 2098 943 2191 propositis
972 2098 1137 2187 additur,
1177 2098 1338 2189 praemi-

343 2234 408 2281 um
450 2212 761 2291 reasseeurationis
793 2211 955 2304 stipulari
990 2211 1052 2280 fibi
1078 2212 1208 2296 licere,
1242 2213 1339 2302 quod

343 2326 615 2396 assecurationis
649 2326 849 2418 praemium
878 2326 1015 2395 excedit
1039 2324 1097 2396 vel
1125 2348 1169 2394 eo
1191 2328 1339 2396 tenuius

343 2448 411 2508 est.
474 2438 648 2527 Quamvis
671 2440 766 2507 enim
790 2438 955 2528 lucrum,
977 2439 1072 2531 quad
1092 2440 1336 2528 assecurator,

344 2550 514 2644 stipulato
557 2553 691 2622 minori
722 2552 1032 2621 reassecurationis
1062 2555 1245 2644 praemio,
1279 2552 1342 2622 fibi
1387 2602 1392 2615 .

345 2675 556 2755 comparat,
583 2664 856 2753 assecurationis
884 2666 1068 2759 principia
1100 2691 1176 2737 non
1198 2666 1339 2751 laedat,

343 2776 526 2870 legislator
567 2790 689 2849 tamen
738 2779 864 2848 additis
904 2779 1000 2848 hisce
1043 2779 1162 2852 verbis
1199 2799 1340 2847 errores

262 2896 266 2902 '
344 2899 511 2991 avertere
545 2891 700 2962 voluisse
729 2892 925 2962 censendus
955 2902 1021 2961 est.

379 3151 448 3222 (62)
465 3153 521 3209 Lex
539 3164 596 3210 ser.
618 3153 680 3211 Au.
705 3166 749 3209 rc·
771 3180 807 3196 -
829 3159 862 3212 c.
887 3158 922 3210 C.
947 3155 1007 3209 Art.
1026 3166 1086 3223 ³42·
1100 3180 1129 3198 -
1144 3154 1224 3225 spec.
1238 3152 1258 3207 1,
1276 3156 1337 3209 Art.

347 3250 408 3307 5²4·
1253 3248 1256 3253 ’
