2970 5018
384 416 1081 531 Assnounnrours
1159 452 1316 547 oq<

236 671 403 746 emendas
435 682 570 737 merces
601 664 727 734 idonee
756 672 793 731 et
824 658 1010 732 commodo
1041 661 1123 754 eligi
1140 685 1230 752 pos-

238 789 318 856 fint.
388 781 553 852 Polizzae
598 779 709 869 igitur
750 776 911 845 addenda
949 786 1005 845 est
1041 775 1232 863 'clausulu,

238 922 331 993 quae
362 894 453 965 illud
481 892 672 961 assecurati
693 890 917 982 propofitum
947 891 1119 958 continet.
1175 887 1233 956 E·

236 1015 348 1082 tenim
381 1011 405 1080 fi
437 1007 579 1099 polizzu
613 1003 819 1095 fimplioiter
850 1003 986 1073 insulae
1021 1003 1080 1074 vel
1113 1003 1230 1093 regio·

236 1126 296 1195 nis
322 1103 457 1194 mentio
490 1118 719 1206 continetur,
748 1118 969 1187 assecurator
990 1116 1150 1208 primum
1167 1116 1234 1183 in·

236 1238 333 1311 sulae
355 1240 432 1307 eius
464 1232 665 1325 regionisve
699 1242 847 1322 portum
859 1279 871 1318 ,
907 1252 1013 1322 quem
1040 1229 1141 1300 nevis
1164 1252 1231 1296 oc·

205 1360 374 1443 'eupat,
415 1369 485 1441 pro
527 1346 776 1416 destinationis
813 1355 927 1437 portu
966 1343 1098 1414 habere
1140 1365 1232 1436 pos-

236 1465 289 1534 set
324 1463 431 1557 (46).

286 1575 326 1643 Si
371 1574 473 1646 navis
523 1583 677 1666 propter
731 1571 973 1642 necestitatem
1027 1571 1087 1645 vel
1124 1569 1231 1640 aliam
1280 1630 1286 1641 .

237 1706 491 1780 quameunque
532 1689 723 1775 caussam,
768 1686 1020 1755 assecuratoris
1067 1683 1229 1776 periculo

237 1799 454 1890 subiectum,
500 1811 648 1892 portum
686 1799 910 1890 appellitur,
953 1799 1123 1890 quorsum
1155 1817 1231 1866 non
1315 1837 1317 1843 ·

237 1914 411 1983 destinata
476 1894 543 2003 fit,
594 1913 718 2006 ibique
773 1936 909 1982 merces
959 1923 1229 2000 exonerantur,
1309 1916 1313 1924 ’

238 2027 364 2119 quaeri
400 2036 543 2118 potest,
584 2047 675 2096 num
714 2023 930 2096 assecuratio
977 2025 1142 2093 definatl
1182 2059 1233 2100 -2

237 2140 330 2210 Cum
367 2163 456 2214 vero
495 2141 673 2233 navigatio
713 2142 912 2212 assecurate
943 2138 987 2207 ad
1015 2136 1124 2207 finem
1155 2161 1231 2204 non

236 2255 411 2346 perducta
445 2254 511 2342 fit,
536 2256 759 2324 assecurator
794 2253 959 2346 periculo
984 2274 1060 2320 non
1085 2250 1234 2319 liberari
1312 2256 1314 2261 ’

170 2400 173 2404 ’
235 2359 392 2439 videtur.
443 2363 482 2435 Si
511 2346 608 2438 enim
633 2368 836 2438 navarchus
854 2368 894 2435 in
911 2375 1060 2457 portum
1081 2361 1230 2448 incidit,
1336 2355 1343 2366 ’

236 2490 280 2550 ut
315 2482 435 2549 hostes
475 2482 611 2569 evitet,
651 2481 708 2553 vel
738 2485 823 2575 quie
854 2484 956 2552 loeus
986 2483 1233 2552 destinationis

235 2593 415 2662 obfidione
432 2593 573 2662 clausus
592 2595 752 2683 est,dioi
774 2608 872 2666 certe
895 2618 971 2666 non
991 2605 1136 2686 potest,
1161 2617 1233 2664 na·

236 2707 451 2798 rigationem
510 2717 729 2776 commotam
782 2709 841 2780 vel
880 2708 1130 2800 prolongatam
1169 2730 1232 2776 es·
1309 2702 1317 2712 ”

231 2819 284 2889 de.
320 2859 369 2873 -
408 2817 617 2890 Periculum
647 2821 883 2889 assecuratori
914 2820 1117 2911 impolitum
1151 2832 1231 2911 est,
1261 2811 1264 2819 ¹
1308 2830 1314 2849 ’

236 2932 351 3002 donec
396 2957 454 3004 res
494 2934 694 3003 assecurata
725 2934 821 3005 salva
851 2935 890 3003 in
922 2934 1042 3002 locum
1073 2933 1235 3004 destina·

235 3053 315 3114 tum
342 3050 563 3136 pervenerit.
613 3046 706 3116 Cum
736 3070 823 3120 vero
856 3049 1058 3121 navarchus
1089 3049 1230 3117 itineris
1310 3044 1312 3049 ’

238 3156 383 3225 cursum
419 3185 488 3253 pro
521 3172 626 3256 parte
662 3161 851 3250 omittere,
888 3161 947 3234 'vel
975 3184 1110 3233 merces
1142 3161 1233 3228 asse·

238 3278 381 3339 curatas
413 3285 526 3364 portu
547 3276 760 3347 intermedio
780 3275 935 3349 vendere
957 3292 1063 3347 eesve
1084 3273 1155 3342 alio
1173 3272 1235 3340 iti·

1166 3409 1231 3457 ne·

272 3575 342 3644 (46)
367 3588 532 3632 unnsusm
560 3579 580 3629 1.
606 3593 666 3646 pag.
696 3595 755 3648 ¹77·
779 3609 813 3623 -
837 3594 975 3637 nrueorr
992 3580 1027 3633 11.
1046 3592 1103 3644 pag.
1122 3593 1175 3648 4¹4
1201 3605 1232 3628 .-

239 3659 511 3722 Assecurstionibus‚
536 3677 601 3729 quae
621 3666 649 3716 ln
667 3667 750 3720 Gellia
767 3680 855 3731 usque
872 3667 903 3717 od
922 3667 1066 3718 Levuotum
1085 3665 1128 3716 vel
1147 3677 1233 3732 usque

240 3746 272 3797 ad
299 3747 397 3799 insulas
416 3747 558 3821 Gallorum,
573 3751 598 3799 in
618 3753 741 3803 America
760 3751 914 3816 frequenter
932 3750 1140 3812 contrahuntur,
1157 3753 1231 3804 clau-

238 3830 293 3882 sula
316 3833 347 3883 de
368 3833 442 3899 fatre
459 3828 554 3884 estella
573 3833 632 3888 eddi
650 3835 737 3897 solet,
764 3848 850 3901 eoque
867 3833 929 3888 ceso
945 3835 1095 3899 periculum
1113 3849 1174 3891 com
1189 3849 1233 3889 ru·

238 3916 299 3976 vis,
316 3930 370 3969 tum
388 3923 515 3970 meretum
534 3917 644 3979 finitur,
669 3919 687 3971 st
704 3931 806 3972 merces
821 3932 913 3970 omues
927 3918 970 3972 vel
987 3919 1044 3975 fere
1063 3933 1155 3976 omnes
1168 3933 1232 3975 exo·

239 4011 341 4053 uentae
358 4001 428 4057 sunt.
464 3988 559 4058 mer}
576 4003 626 4057 ct.
645 4016 685 4069 13⁴
702 4004 770 4059 secr.
788 4004 831 4057 18.
846 4003 861 4073 ς
876 4015 903 4070 3.
937 3994 941 4005 “

703 4084 743 4171 ,0,
