2970 5018
368 472 438 548 192
570 384 1221 520 nnrnurouno,
1305 414 1308 420 ’

363 673 467 750 erat3
492 685 607 756 eoque
633 662 717 731 calu
732 718 734 723 .
747 658 927 732 navarcho
948 655 1158 747 permissum
1189 654 1264 725 esse
1282 653 1357 723 -de-

365 775 426 846 bet
453 800 582 849 navem
615 777 660 846 ad
694 775 854 867 primum
886 771 1068 864 appellere
1099 768 1246 858 locum,
1284 793 1357 860 quo

364 889 470 959 de-re
490 891 622 960 certior
639 889 717 957 fieri
737 887 859 980 poefit.

414 1004 546 1097 Negari
559 1016 686 1074 tamen
707 1026 782 1071 uon
800 1010 943 1093 potest,
969 1000 1162 1075 clausulam
1176 1000 1221 1067 ad
1241 996 1275 1067 Α
1296 996 1356 1068 vel

364 1117 412 1187 ad
432 1116 489 1206 B,
515 1117 541 1186 fi
560 1114 674 1187 verba
695 1114 900 1207 fimpliciter
923 1116 1144 1206 accipimus,
1166 1114 1289 1203 potius
1304 1112 1358 1179 ita

364 1231 537 1322 intelligi,
574 1240 617 1299 ut
639 1231 708 1298 iter
736 1230 892 1319 definat,
928 1230 992 1299 ubi
1016 1231 1117 1302 navis
1142 1230 1260 1320 primo
1284 1249 1358 1318 ap-

364 1345 526 1438 pellitur.
578 1343 652 1413 Nifi
684 1345 795 1437 igitur
832 1354 958 1414 nostra
999 1343 1248 1435 interpretatio
1286 1340 1357 1409 usu

363 1459 422 1531 vel
447 1459 582 1550 legibus
606 1456 865 1548 confirmetur,
899 1461 961 1531 vix
991 1469 1132 1527 tantum
1163 1456 1357 1524 assecurati

361 1570 545 1663 proposito
564 1571 712 1640 concedi
734 1573 838 1662 posse
860 1571 1017 1644 videtur.
1052 1571 1106 1639 Ut
1125 1580 1244 1638 autem
1256 1569 1355 1636 huno

361 1683 500 1752 sensum
522 1683 701 1773 habeant,
733 1685 837 1753 dietis
857 1682 977 1756 verbis
1011 1683 1170 1751 addenda
1195 1681 1354 1777 clausula

360 1806 449 1888 est,
466 1821 537 1890 qua
558 1822 685 1869 navem
701 1799 747 1868 ad
759 1810 955 1889 utrumque
976 1797 1096 1866 locum
1108 1797 1173 1868 ¹vel
1184 1796 1229 1863 ad
1239 1818 1356 1866 unum

359 1933 485 1979 eorum
508 1914 642 2004 appelli
665 1913 908 2004 permittatur.
950 1909 1008 1978 Sic
1028 1933 1064 1981 r.
1084 1933 1137 2002 gr.
1160 1909 1258 1998 apud
1270 1905 1356 1976 An·
1433 1952 1436 1959 ·

358 2022 435 2114 glos
450 2024 597 2093 *dicitur
625 2025 744 2095 From
778 2023 1035 2093 Chorlestown
1064 2033 1101 2089 to
1131 2021 1282 2089 Emden
1307 2044 1355 2088 or·

359 2135 487 2225 Leer,
509 2136 596 2206 both
617 2161 663 2206 or
681 2139 803 2209 either
816 2138 904 2230 (50).
932 2133 1141 2204 Asiecurato
1159 2143 1282 2200 tamen
1303 2133 1353 2200 li-

293 2258 296 2267 '
360 2249 471 2316 citum
501 2272 576 2318 non
606 2251 771 2337 videtur,
801 2250 991 2337 locorum,
1020 2249 1082 2340 qui
1109 2247 1255 2337 polizza
1284 2246 1353 2314 de-

358 2361 567 2453 fignantur,
593 2364 755 2431 ordinem
776 2363 966 2431 immutare
986 2412 997 2451 ,
1033 2362 1193 2453 adeoque
1214 2361 1352 2430 assecu-

356 2477 704 2567 ratorispericulum
726 2476 837 2544 cessat
849 2525 862 2565 ,
892 2476 919 2544 Ii
942 2476 1070 2564 navis,
1088 2487 1280 2568 postquam
1303 2475 1350 2543 ad

356 2585 477 2657 locum
508 2587 541 2657 Β
574 2589 726 2680 appulsa
753 2586 830 2677 fit,
873 2588 919 2656 ad
956 2589 1077 2658 locum
1108 2587 1142 2658 A
1171 2590 1348 2678 vehitur,

354 2701 487 2768 etiamst
511 2725 646 2771 meroes
668 2725 864 2770 exonerare
888 2725 964 2770 non
985 2702 1162 2794 inceperit
1189 2704 1203 2794 (
1214 2703 1255 2771 51
1268 2703 1296 2795 ).

403 2812 513 2898 Quod
535 2818 580 2885 ad
601 2818 724 2886 locum
752 2816 1001 2884 destinationis
1025 2826 1061 2884 et
1089 2816 1133 2884 ad
1154 2813 1258 2882 finem
1281 2814 1350 2880 iti-

354 2926 451 2992 neris
474 2928 629 3018 attinet,
658 2931 801 3003 finavis
816 2931 1030 2998 documenta
1051 2927 1211 2997 [imulata
1234 2927 1346 3015 sunt,

353 3038 598 3110 assecuratum
621 3044 687 3111 hac
719 3045 764 3112 de
796 3067 835 3111 re
861 3042 967 3111 etiam
998 3066 1080 3110 oum
1103 3042 1361 3110 assecuratore-

243 3190 249 3202 ·
352 3151 547 3220 convenire
580 3164 736 3243 oportet.
797 3154 899 3225 Haeo
933 3155 1076 3246 igitur,
1122 3152 1148 3221 fi
1182 3154 1251 3222 rite
1283 3154 1348 3222 in-

353 3263 488 3333 structa
515 3265 620 3354 sunt,
645 3267 807 3336 dubitari
833 3293 908 3338 non
928 3278 1071 3360 potest,
1103 3268 1192 3360 quin
1213 3291 1254 3336 eo
1278 3268 1349 3336 de-

354 3400 455 3446 mum
485 3389 647 3472 tempore
672 3368 896 3452 assecuratio.
911 3382 1045 3472 cesset,
1072 3405 1145 3474 quo
1170 3383 1275 3452 navis
1299 3382 1346 3452 ad
1413 3454 1415 3458 .

352 3513 481 3564 verum
505 3494 753 3565 destinationis
774 3494 894 3568 locum
920 3496 1073 3589 appulsa
1093 3495 1146 3567 fit.
1196 3495 1345 3565 Etiamli

1272 3632 1345 3702 ¹8¹·

384 3788 695 3871 (solmanassauom
714 3809 738 3862 1.
754 3821 820 3874 pag.
838 3809 1022 3881 4.>‘1·tt,6.,5
1040 3813 1081 3866 16,

384 3887 452 3956 (⁵1)
469 3904 608 3944 nauem
621 3889 660 3944 11·
676 3895 807 3961 raama
819 3909 962 3950 -msa
975 3894 1010 3949 u.
1030 3895 1070 3951 cu
1095 3897 1338 3968 13.sat.12.54.
