2970 5018
422 500 1036 586 INTRODUC'PIO,
1168 524 1239 588 ω’

239 724 341 794 iacta.
391 724 573 816 Expositis
588 725 655 812 iis,
680 723 792 816 magis
803 721 848 790 ad
856 708 1081 812 propositum
1092 714 1238 793 assecu-

238 837 373 909 rationi
403 837 513 923 finem
558 839 755 928 disputatio
801 836 836 902 so
876 835 1079 922 convertit,
1109 858 1237 926 ‘eaque

238 952 355 1041 capite
363 951 476 1021 tertio·
488 951 718 1042 explicantur
729 946 911 1038 pericule,
925 970 1018 1037 quae
1029 993 1040 1034 ,
1053 956 1236 1019 contracta

238 1064 523 1156 assecuratione,
543 1063 582 1132 in
600 1063 878 1130 assecuratorem
897 1061 1096 1130 manlcunt.
1131 1061 1236 1130 Tau·
1277 1062 1279 1066 ’

237 1176 318 1245 dem
358 1174 445 1247 vero
483 1175 600 1265 capite
639 1172 766 1240 ultimo
804 1172 975 1263 exposui,
1018 1174 1236 1265 quibusnam

238 1291 412 1382 temporis
431 1299 468 1358 et
502 1289 665 1356 locorum
697 1285 817 1376 spatiis
848 1286 1101 1355 assecuratoris
1132 1287 1237 1378 peri·-

237 1403 321 1472 cula
349 1402 628 1482 contineantur3
664 1397 778 1488 iisque
809 1399 988 1488 peractis,
1024 1423 1082 1467 me
1115 1400 1236 1491 legum

237 1514 341 1583 iusfis
376 1524 412 1580 et
448 1509 616 1577 carissimi
656 1512 902 1602 praeceptoris
957 1522 1043 1582 voto
1097 1512 1238 1582 satisfe-

172 1654 178 1664 ·
239 1627 327 1695 cisse
350 1620 608 1692 existimabam.
1237 1687 1241 1700 ,

294 1733 418 1804 Habes
464 1734 509 1803 B.
543 1733 594 1804 L!
640 1733 823 1824 ordinem,
860 1752 966 1827 quem
998 1736 1038 1804 in
1072 1736 1242 1829 disputa-

232 1851 340 1948 tione
367 1869 456 1941 mea,
470 1847 627 1936 servavi,
661 1858 697 1934 et
724 1847 848 1935 vides,
879 1849 966 1939 quid
999 1872 1057 1917 me
1085 1851 1240 1920 moverit

238 1963 284 2032 ad
307 1961 530 2031 tractandam
547 1944 759 2048 materiam,
786 1960 1022 2032 mediocritati
1044 1987 1142 2032 meae
1157 1964 1240 2033 for-

240 2075 340 2146 taslis
358 2099 434 2144 non
464 2074 759 2154 convenientem„
800 2072 898 2143 Hinc
918 2077 1030 2168 igitur
1051 2080 1154 2168 spero
1178 2078 1245 2161 fos

238 2214 304 2277 re,
339 2199 382 2258 ut
410 2197 562 2256 conatus
597 2187 795 2276 iuveniles,
827 2187 867 2256 in
898 2189 1012 2259 ardua
1050 2194 1205 2259 nitentes
1224 2169 1256 2280 ,¹
1341 2182 1345 2186 ⁴

239 2313 395 2374 vestram
430 2301 519 2370 mihi
546 2299 806 2392 indulgentiam
831 2303 1034 2372 concilient.
1049 2338 1098 2354 --
1118 2303 1241 2394 Equi-

241 2417 322 2488 dem
353 2438 465 2502 vero,
491 2413 630 2504 quoties
648 2413 896 2484 florentissima
918 2416 1034 2484 literis
1066 2424 1103 2482 et
1128 2436 1241 2484 aurea

237 2529 407 2620 inprimis
444 2526 746 2617 iurisprudentiae
776 2538 942 2620 tempora
970 2516 1089 2592 mente
1129 2547 1240 2593 reco-

236 2642 301 2730 lo,
334 2636 793 2732 quae-elapso'studiorum
815 2639 983 2707 sexennio
1010 2637 1105 2725 vidi,
1132 2640 1241 2708 toties

110 2770 113 2776 ·
237 2753 410 2823 memoria
444 2751 569 2820 incidit
599 2753 639 2820 in
663 2750 863 2819 luctuosam
891 2750 1239 2840 rw1sr11morte'm,

238 2879 274 2938 et
308 2890 378 2960 pro
418 2863 521 2938 vobis
554 2873 639 2934 vota
678 2862 794 2950 facio,
835 2863 899 2954 qui
933 2863 1270 2958 iurisprudentiao

158 3053 161 3057 ,
236 2981 412 3072 gloriam,
448 2979 593 3050 favente
628 2975 711 3045 Deo
758 2973 804 3045 Ο.
841 2975 884 3044 M
890 3012 926 3063 .,
960 2977 1056 3044 tueri
1074 2978 1239 3070 pergitis.

239 3092 352 3164 Vobis
380 3093 514 3183 igitur,
546 3114 638 3183 quos
677 3110 792 3180 aequa
827 3091 914 3157 mihi
937 3089 1097 3158 'fortuna
1127 3114 1240 3183 prae·-

175 3205 199 3285 ᾗ
238 3213 400 3294 captores
421 3203 575 3292 obtulit,
602 3224 777 3281 cairam
798 3213 833 3270 et
856 3224 932 3272 van
951 3206 1127 3272 nnscnurl
1156 3228 1238 3271 ma-

236 3317 352 3385 ximas
372 3313 484 3382 habeo
511 3339 552 3384 ac
588 3316 708 3384 refero
746 3317 892 3408 gratias.
961 3316 1143 3416 Tibique,
1180 3317 1239 3385 vir

238 3423 449 3496 clarissimes
501 3429 586 3515 qui,
621 3428 829 3498 Traiectum
861 3427 1116 3521 profecturus,
1151 3451 1239 3519 gra-

237 3553 314 3612 tam
348 3537 437 3606 mihi
477 3547 514 3605 et
549 3541 849 3608 commilitonibus
889 3542 978 3608 meis
1013 3540 1239 3606 recordatio-

237 3678 322 3726 nem
347 3649 484 3737 fecisti,
523 3652 645 3717 omnia
675 3651 767 3716 laeta
806 3650 874 3716 sint
908 3660 945 3717 et
979 3672 1023 3716 ex
1055 3659 1140 3718 voto
1174 3673 1246 3718 ce-‘

238 3769 346 3837 dantl
363 3803 413 3816 -
447 3761 598 3851 Valete,
636 3760 751 3831 valete
781 3783 928 3847 omnes,
975 3782 1064 3848 quos
1098 3761 1137 3830 in
1170 3763 1237 3833 hac
1299 3788 1303 3800 ¹

239 3879 430 3952 Academia
461 3875 573 3947 habui
596 3880 874 3967 praeceptores,
908 3896 1063 3964 quorum
1102 3873 1141 3944 in
1178 3900 1237 3947 ma

117 3984 123 4007 '
235 3994 367 4096 ⁴a'ollatu
389 3989 561 4063 beneficia
589 3983 691 4070 nulla
717 3984 846 4056 obruet
874 3986 976 4077 dies,
1010 3987 1113 4059 nulla
1134 3990 1236 4059 dele—

713 4098 792 4180 ‚Ba
1031 4117 1033 4120 ·
1181 4103 1235 4172 bit
