2970 5018
347 464 1072 561 ‘Assncuna'roars
1160 509 1237 558 -ar

247 686 420 772 formulas
448 725 530 793 eas,
555 723 646 793 quae
671 695 773 768 Art0.
795 701 866 767 552
888 697 932 764 ad
951 693 1145 787 perlectam
1165 720 1237 787 po-

196 868 201 877 .
245 813 357 895 lizzae
380 814 534 884 formam
555 813 819 903 requiruntur,
845 809 889 876 ad
910 830 1059 876 examen
1088 830 1239 878 revoca-

244 951 352 1016 mus,
387 928 504 1005 multa
531 949 606 994 non
643 933 786 992 tantum
821 921 994 1001 utilitate„
1009 908 1239 988 commenda-

134 1108 138 1119 ,
246 1038 357 1129 biles,
391 1040 449 1108 sed
480 1038 526 1107 ad
563 1045 770 1106 contractus
806 1032 1043 1124 integritatem
1077 1030 1243 1100 necessa-⁷

245 1153 320 1220 riae
352 1152 441 1222 milti
472 1151 651 1221 videntur.
715 1145 903 1236 Optimum
935 1156 1064 1213 autem
1095 1145 1240 1216 videtur

245 1264 325 1333 illas
364 1263 660 1348 enunciationes,
688 1282 779 1350 quae
807 1260 853 1326 ad
880 1269 1087 1328 contractus
1111 1260 1239 1351 essen-

247 1379 343 1448 tiam
381 1379 592 1469 pertinent,
611 1373 666 1440 'ab
696 1375 740 1441 iis
774 1373 1014 1465 distinguere,
1058 1396 1150 1465 quae
1170 1376 1239 1440 dc-

246 1490 456 1559 cidentolia
497 1488 677 1555 dicuntur.
741 1485 832 1574 Sed,
875 1485 1038 1577 quamvis
1085 1485 1128 1554 de
1168 1486 1239 1574 iis,

247 1627 341 1697 quae
369 1610 575 1669 contractus
605 1600 791 1668 essentiam
823 1598 985 1688 saciunt,
1018 1600 1113 1668 inter
1145 1623 1238 1669 con-

243 1716 429 1787 trahentes
461 1712 574 1805 probe
606 1712 764 1781 constare
795 1710 921 1780 debeat
933 1762 945 1801 ,
977 1712 1046 1780 dici
1075 1722 1196 1783 tamen
1216 1735 1239 1780 a

196 1890 201 1905 ,
245 1829 363 1920 priori
390 1851 465 1895 non
495 1837 641 1917 potest,
663 1827 825 1895 omissam
846 1827 1020 1895 eiusmodi
1045 1826 1237 1894 formulam

243 1949 467 2009 contractmn
486 1940 636 2027 vitiare,
657 1964 738 2007 cum
763 1951 799 2008 et
815 1939 959 2008 aliunde
979 1939 1022 2008 de
1043 1962 1082 2008 re
1097 1938 1239 2008 consta·

241 2074 285 2121 re
312 2052 433 2143 poslit.
484 2050 599 2121 Plura
630 2063 750 2122 autem
782 2054 825 2121 de
856 2054 912 2123 his
938 2054 1096 2121 dicemus
1122 2057 1157 2147 §⁰
1180 2051 1237 2120 se-
1260 2043 1274 2085 ’·

243 2166 392 2256 quenti,
429 2163 493 2234 ubi
519 2165 562 2233 de
591 2166 645 2233 rei
674 2166 859 2257 pericula,
893 2176 1070 2258 tanquam
1093 2152 1249 2236 assem-'⁵

241 2279 392 2346 rationis
416 2277 582 2367 objecto,
607 2280 780 2370 agendum
806 2281 888 2349 erit.
1017 2336 1022 2355 1

290 2388 463 2459 Videmus
486 2390 618 2482 igitur,
655 2391 680 2461 ti
715 2392 837 2485 paullo
861 2394 1063 2465 accuratius
1083 2389 1236 2482 lingulas

240 2503 280 2572 in
310 2508 400 2570 art0.
426 2503 597 2571 dictiones
619 2507 909 2596 perpendamus,
934 2531 956 2573 a
973 2506 1175 2595 legislatore
1195 2504 1235 2570 in
1353 2593 1356 2600 Ι

240 2613 441 2684 definiendo
470 2624 631 2706 tempore
662 2621 822 2710 requiri,
850 2631 892 2687 ut
913 2619 1074 2708 polizzae
1097 2617 1242 2685 insera-
1359 2651 1367 2667 ·

240 2738 325 2817 tur,
359 2751 450 2801 num
482 2739 569 2795 ante
598 2730 654 2799 vel
676 2743 770 2821 post
801 2730 998 2797 meridiem
1019 2729 1232 2798 assecuratio

242 2852 428 2931 eontracta
457 2841 511 2911 fit.
564 2839 667 2927 Quae
692 2843 831 2932 quidem
855 2843 941 2934 legis
962 2842 1161 2912 constitutio
1185 2868 1235 2910 u-

234 2955 403 3026 tilitatem
435 2957 534 3024 suam
566 2944 769 3023 luculenter
798 2956 950 3043 evincit,
989 2980 1096 3044 cum,
1134 2956 1160 3025 fi
1189 2957 1234 3024 ad

237 3076 356 3134 totum
375 3092 491 3160 usque
507 3068 665 3160 pretium
686 3069 810 3158 plures
824 3069 974 3139 'eandem
995 3094 1072 3138 rem
1090 3071 1234 3138 assecu-

238 3191 438 3268 raverunt,
464 3183 580 3273 priori
600 3193 741 3250 tantum
761 3183 1017 3252 assecurationi
1036 3183 1129 3273 leges
1141 3205 1233 3250 nos-

183 3365 188 3372 .
239 3300 317 3358 trae
354 3292 427 3359 rim
459 3303 568 3384 atque
601 3296 792 3365 efficaciam
827 3295 1002 3367 tribuant.
1062 3287 1247 3385 Inprimis

238 3411 359 3469 autem
379 3415 544 3472 accurata
560 3409 733 3500 temporis
755 3407 914 3478 delinitio
932 3409 973 3478 in
990 3406 1234 3510 applicatione
1273 3433 1277 3459 ι

238 3520 318 3584 ard.
346 3515 419 3585 566
445 3516 634 3585 utilitatem
654 3532 820 3590 testatur.
1033 3522 1035 3529 '
1243 3528 1248 3537 “

285 3629 408 3721 Digna
427 3628 535 3697 etiam
552 3628 762 3725 legislatoris
779 3629 972 3720 prudentia
983 3624 1125 3696 ridetur
1136 3625 1233 3715 fuis-

237 3743 272 3813 se
292 3741 518 3830 constitutio,
554 3762 649 3833 qua,
676 3749 719 3806 ut
736 3739 819 3807 dein
839 3739 990 3806 adiectas
1013 3737 1234 3807 conditiones

236 3865 274 3922 et
304 3855 639 3946 supplementorum
660 3850 805 3920 fraudes
829 3859 1083 3940 praecaveret,
1107 3849 1232 3920 literis

155 4006 159 4013 -
236 3969 297 4040 aa
322 3950 445 4062 stg'aa
480 3967 677 4062 potarem
717 3962 921 4057 adimpleri·
958 3959 1065 4064 sassa
1101 3963 1154 4057 (u
1184 3950 1255 4034 m·
1350 4059 1353 4067 Ι

248 4099 251 4104 ’
1107 4087 1230 4177 peut-
