2970 5018
356 426 405 498 ⁸0
510 380 1143 494 'unrnnrcuno

355 632 494 706 datario
517 633 626 702 noxia
645 641 724 720 est,
749 612 877 701 verum
903 627 1004 697 utilia
1028 631 1149 720 potius
1179 627 1354 719 dicentia,

358 749 456 843 quod
478 746 523 816 ad
547 745 742 815 minuenda
762 743 985 813 bodemeriae
1004 744 1166 834 praemia
1189 768 1263 811 non
1283 768 1357 834 poa

356 883 442 933 rum
462 858 635 930 conferat.

363 1040 366 1048 .
404 973 500 1042 Cum
522 973 632 1065 igitur
659 969 770 1040 huius
800 967 1070 1038 assecurationis
1101 969 1290 1037 manifesta
1312 968 1354 1037 fit

354 1086 518 1173 utilitas,
545 1084 638 1175 leges
661 1083 779 1153 ubivis
810 1105 889 1150 enm
908 1081 1177 1173 permiserunt,
1204 1082 1270 1149 hac
1294 1091 1354 1150 ta·-

355 1223 439 1270 men
458 1186 683 1282 differentia,
709 1205 752 1263 ut
772 1195 870 1286 apud
889 1195 979 1262 alios
999 1195 1159 1284 praemia
1183 1176 1354 1262 bodeme-

356 1313 432 1383 riec
449 1313 515 1381 hac
533 1309 792 1377 assecuratione
810 1307 1064 1399 comprehendi
1075 1306 1233 1397 poslint,
1252 1308 1353 1398 apud

353 1425 444 1492 alios
475 1420 521 1491 ab
555 1445 597 1489 ea
632 1421 869 1512 excipiantur.
922 1421 980 1489 Sic
1008 1421 1225 1513 legislatores
1257 1421 1353 1488 Gal·-

354 1536 439 1624 lici,
474 1546 517 1604 ut
546 1532 692 1605 fraudes
726 1557 768 1602 eo
803 1535 914 1627 magis
945 1545 1177 1624 everterent,
1215 1535 1353 1604 frustra

352 1646 531 1718 renitente
561 1646 755 1716 'l'ribunali
786 1644 1006 1717 Nannetenli
1031 1648 1146 1740 (55),
1181 1650 1352 1739 antiquae

352 1761 439 1851 legis
464 1760 742 1852 prohibitionem
773 1761 1012 1832 sanciverunt.
1052 1759 1203 1828 Statutis
1232 1771 1353 1829 tamen

350 1875 477 1966 patriis
498 1885 535 1943 et
558 1875 748 1967 specimine
767 1875 911 1943 laudato
933 1873 1019 1941 haec
1040 1874 1192 1965 praemii
1214 1875 1352 1942 assecu-

354 1987 447 2056 ratio
469 1987 574 2056 etiam
600 1990 824 2080 permittitur
849 1988 955 2081 (54).

399 2099 458 2168 Ex
478 2097 543 2188 iis,
579 2124 677 2192 quae·
694 2103 740 2170 de
766 2102 918 2193 periculi
941 2099 1089 2168 obiectis
1116 2097 1210 2166 dicta
1241 2098 1324 2166 sunt
1336 2147 1348 2185 ‚

349 2211 432 2282 satis
463 2216 641 2304 superque
676 2217 854 2305 vidimus,
888 2215 1183 2283 assecurationem
1213 2212 1253 2280 in
1285 2235 1349 2280 re-

348 2327 530 2396 sarciendo
564 2329 695 2396 damno
727 2329 872 2399 versari.
938 2326 1071 2397 Omnia
1111 2326 1186 2394 fore
1227 2325 1346 2417 legum

349 2452 544 2533 praecepta
563 2442 631 2510 hoc
651 2441 830 2533 principio
849 2442 1043 2531 nituntur,
1068 2440 1232 2533 illudque
1242 2466 1345 2509 com-

292 2541 294 2545 ¹
348 2556 453 2622 muni
471 2566 671 2629 unctorum
700 2555 872 2625 consensu
902 2557 1022 2646 prima
1051 2555 1205 2625 habetur
1227 2556 1346 2622 inter-

347 2667 563 2756 pretationis
599 2668 734 2761 regula.
796 2666 988 2755 Quantum
1028 2692 1115 2739 vero
1148 2671 1188 2736 in
1234 2668 1344 2756 iplius

283 2802 286 2807 ·
346 2777 519 2869 principii
546 2781 789 2871 applicatione
824 2781 917 2873 leges
941 2779 1103 2849 Gallicae
1125 2805 1146 2847 a
1175 2782 1254 2846 inre
1274 2801 1346 2866 pa-

346 2890 420 2958 trio
443 2888 636 2982 differant,
664 2896 746 2965 satis
764 2896 894 2964 docent
911 2895 1093 2987 prohibita
1114 2891 1159 2959 ab
1186 2891 1255 2957 illis
1277 2913 1346 2980 pe·
1427 2873 1432 2882 ⁵

347 2997 454 3069 riculi
473 3001 633 3090 obiecta,
662 3029 754 3096 qnae
783 3007 882 3099 apud
913 3015 1089 3076 nostrates
1120 3003 1217 3071 licita
1247 3004 1343 3072 sunt.

347 3107 449 3210 Haec
470 3112 651 3188 diverfius
672 3120 846 3209 exipsius
874 3118 1017 3208 regulae
1038 3115 1222 3183 intellectu
1243 3116 1347 3184 vide-

347 3235 411 3295 tur
434 3225 653 3317 derivanda,
690 3252 796 3320 quam
829 3230 926 3299 Galli
953 3228 998 3297 ad
1024 3229 1221 3318 damnum,
1248 3232 1346 3322 quod

346 3363 476 3413 revere
510 3339 720 3432 inducitur,
756 3345 982 3436 restringunt
1014 3342 1125 3436 (55).
1160 3342 1205 3413 In
1228 3343 1377 3437 patria'

1279 3481 1345 3525 au·

386 3621 457 3691 (⁵³)
474 3619 591 3685 noent,
610 3620 642 3675 ad
662 3636 713 3676 nn.
725 3633 788 3690 347.
801 3636 861 3690 mg.
879 3634 920 3678 tr.
940 3650 972 3666 -
996 3625 1107 3691 Analyse
1120 3625 1195 3690 llats.
1209 3639 1259 3678 etc.
1277 3625 1310 3680 ΙΙ.

384 3707 456 3774 (⁵4)
474 3707 634 3768 stantun
662 3721 710 3774 19,
726 3720 779 3769 co,
796 3721 840 3763 αι.
858 3721 886 3762 et
899 3709 991 3776 nupt.
1008 3711 1083 3775 17⁵⁶·
1101 3707 1134 3761 ad
1151 3725 1197 3762 an.
1218 3723 1260 3760 at·
1279 3725 1342 3764 viu
1425 3768 1427 3773 ,

347 3801 407 3844 nen
427 3806 571 3851 nauseet.
595 3793 634 3852 th.
649 3805 710 3858 717.
735 3792 780 3847 n‘.
797 3794 829 3849 6.
981 3781 986 3796 '

380 3871 448 3938 (55)
475 3889 617 3929 tormen.
642 3879 686 3932 η’.
704 3889 756 3941 3ι,
776 3890 818 3942 35.
842 3906 875 3920 -
900 3893 997 3933 anca.
1022 3877 1046 3934 1.
1070 3876 1121 3930 ct.
1149 3889 1181 3956 ι’,
1206 3879 1274 3933 sect.
1299 3899 1337 3951 4,

342 3969 403 4023 pag,
415 3969 467 4026 ¹43
484 3969 571 4025 eoque
580 3960 656 4017 seusu
671 3974 792 4018 accurate
804 3961 874 4019 dixit
882 3977 988 4019 runci
1000 3977 1008 4016 z
1023 3963 1056 4016 ln
1066 3965 1178 4016 aratoria
1192 3965 1341 4035 d’asstcma.

1052 4057 1059 4065 “
1299 4057 1341 4108 21·
