2970 5018
245 579 300 641 tr·
447 550 1073 636 -1N'1'RODUCTIQ

250 826 279 870 „
292 774 472 846 Paulatim
493 775 615 845 docuit
631 773 847 867 pedetentim
865 775 1160 866 progredientes''
1175 778 1241 870 (5)

250 904 558 992 Quemadmodum
579 903 691 995 igitur
711 900 848 970 frustra
870 903 1099 993 quaerimus,
1128 928 1243 996 quae·-
1281 944 1286 951 ·

247 1032 332 1090 nam
344 1019 464 1111 prima
486 1018 599 1087 fuerit
618 1024 858 1085 mercatorum
879 1015 1023 1084 locietas
1035 1017 1242 1108 adpromo-

248 1135 364 1206 venda
396 1130 628 1220 commercia,
665 1129 710 1199 fic
746 1152 892 1221 quoque
928 1130 1000 1199 dici
1030 1154 1105 1198 non
1138 1134 1243 1224 posse

122 1266 130 1279 '
247 1247 391 1320 videtur
403 1296 414 1335 ,
443 1243 587 1337 quando
611 1242 657 1313 ad
683 1244 877 1315 avertenda
894 1243 1024 1313 damna
1043 1245 1162 1336 prima
1179 1270 1243 1314 as·-

247 1358 421 1428 securatio
443 1367 628 1427 contracta
649 1356 691 1454 fit
719 1356 785 1448 (4).
838 1357 983 1428 Constat
1006 1383 1118 1451 vero,
1140 1361 1240 1430 illam

244 1471 451 1564 antiquitati
468 1470 618 1563 prorsus
641 1469 749 1539 fuisse
766 1472 952 1563 ignotam,
986 1474 1133 1568 eiusque
1154 1475 1243 1543 nul-

244 1585 281 1656 la
309 1584 350 1655 fit
369 1587 504 1655 mentio
536 1587 576 1655 in
597 1584 663 1674 iis,
684 1607 777 1676 quae
801 1583 905 1654 nobis
928 1591 972 1655 de
996 1587 1242 1676 Phoenicum,

243 1698 586 1791 Carthaginienssum
604 1710 640 1770 et
661 1697 886 1768 Graecorum
908 1713 1111 1772 mercatura
1128 1713 1165 1772 et
1174 1725 1243 1772 na-

242 1814 422 1906 rigatione
442 1815 649 1886 traduntur.
699 1812 813 1906 Leges
836 1836 980 1904 quoque
992 1814 1217 1886 Rhodiorum
1229 1862 1242 1905 ,
1271 1828 1277 1845 '

241 1949 305 1995 eae
337 1927 482 2017 saltem,
515 1952 605 2020 quae
633 1929 702 1999 hoc
725 1929 870 1997 nomine
888 1926 1157 2018 infigniuntur,
1180 1953 1244 1998 αθ*

243 2041 502 2110 recurationem
536 2066 612 2112 non
641 2051 867 2130 memorant,
894 2041 1069 2132 „quamvis
1104 2043 1270 2127 navalis,

241 2175 370 2223 eorum
403 2154 518 2247 gloria
548 2165 585 2223 et
608 2155 798 2247 disciplina
824 2156 968 2223 summis
990 2154 1157 2224 laudibus
1183 2155 1243 2225 ef*-

204 2251 206 2256 ¹
240 2267 382 2338 feratur
406 2267 469 2361 (5).
521 2266 686 2336 Dubium
709 2269 820 2360 igitur
838 2281 1006 2359 nonest,
1034 2270 1122 2362 quin
1142 2271 1241 2339 asse-

240 2382 405 2472 curatio,
444 2382 471 2451 fi
503 2383 571 2451 usu
600 2383 671 2449 iam
702 2391 847 2472 recepta
871 2383 983 2471 esset,
1010 2383 1066 2451 his
1096 2407 1241 2475 quoque

239 2496 464 2590 temporibus
484 2519 613 2590 magno
631 2505 854 2564 mercaturae
874 2490 997 2565 fuisset
1014 2497 1242 2566 emolumen-a

239 2618 290 2678 to.
343 2594 412 2678 Sed
450 2635 575 2681 earum
604 2610 765 2703 gentium
802 2610 1014 2678 commercia
1045 2636 1120 2680 non
1151 2612 1240 2679 adeo

237 2721 381 2789 extensa
414 2731 451 2789 et
476 2724 676 2812 periculosa
695 2723 802 2792 fuisse
820 2723 1010 2813 videntur,
1039 2736 1104 2810 ut,
1133 2724 1241 2790 adhi-

238 2828 316 2901 bito
341 2833 612 2904 assecurationis
643 2838 805 2926 auxilio,
830 2838 918 2907 alios
941 2838 980 2905 in
1000 2844 1140 2926 partem
1160 2835 1239 2903 dis·

240 2945 401 3016 criminis
429 2961 621 3039 vocarent,
654 2960 691 3021 et
720 2973 832 3044 opum
862 2952 1088 3042 privatarum
1120 2948 1238 3019 clades

240 3068 456 3129 averterent.
1075 3142 1078 3147 ¹

262 3171 379 3265 Leges
389 3172 639 3243 Romanorum
648 3175 832 3264 nauticae,
845 3195 935 3266 quae
944 3172 1133 3242 maximam
1143 3191 1236 3265 par·

238 3295 312 3354 tem
332 3309 376 3354 ex
397 3286 546 3356 Rhodiis
573 3287 708 3380 legibus
726 3288 899 3356 conflatae
917 3286 1110 3375 dicuntur,
1136 3288 1237 3354 asse·

237 3399 434 3471 curationis
443 3400 581 3470 nullam
592 3400 756 3470 focerunt
775 3401 1005 3472 mentionem.
1055 3398 1235 3501 Quamvis

1136 3535 1233 3585 emm

270 3794 326 3861 (3)
341 3797 381 3849 De
398 3797 434 3850 R.
454 3797 491 3850 N.
510 3797 573 3852 [tb-
589 3799 625 3852 V.
644 3796 731 3852 Versu
752 3810 830 3865 ¹447·

269 3879 320 3944 (4)
339 3895 534 3943 morumne,
558 3885 680 3935 Lectum
701 3899 734 3934 on
758 3883 807 3934 the
825 3882 953 3932 Elements
971 3878 1003 3945 of
1015 3877 1159 3932 Commcm
1173 3891 1227 3936 ete.

233 3961 322 4015 Lond.
344 3966 424 4018 1801,
444 3976 504 4028 pag.
526 3978 585 4030 ¹4¹·
757 3966 763 3977 '

266 4045 318 4114 (5)
337 4059 464 4108 mosao,
482 4047 510 4100 in
529 4047 653 4103 &ruore
669 4062 720 4117 pro
737 4046 798 4114 lege
814 4045 949 4124 Manilia„
