2970 5018
378 532 422 603 18
577 523 676 601 DE
724 525 1152 613 Pssalcuuo

836 740 914 833 94.

592 963 656 1037 De
676 962 969 1061 assecurationis
991 961 1144 1036 obiecto.

292 1278 294 1283 Ι
424 1190 463 1260 Si
481 1189 527 1260 de
548 1186 820 1259 assecurationis
843 1198 1034 1266 contractu
1053 1188 1251 1280 cogitamus
1263 1237 1279 1272 ‚.
1303 1186 1375 1255 mi·-

375 1327 502 1377 remur
546 1301 684 1372 necesse
721 1313 809 1391 est,
847 1304 1036 1373 hominum
1077 1303 1298 1403 sagacitateni
1335 1302 1374 1373 ia

374 1440 501 1487 earum
518 1438 643 1487 rerum
666 1416 899 1506 inventione,
927 1439 1019 1508 quae
1040 1417 1123 1509 ipsis
1144 1427 1271 1486 contra
1293 1415 1375 1484 for-

374 1529 648 1602 tunaeinsidiae
669 1528 883 1621 praesidium
904 1532 1092 1622 praebent,
1133 1531 1234 1601 Nihil
1254 1541 1375 1599 antem

373 1645 421 1714 ad
454 1645 548 1715 hanc
583 1644 836 1736 cogitationem
878 1647 989 1737 magis
1035 1646 1167 1715 ducere
1200 1646 1374 1732 videtur,

374 1779 485 1851 qnam
504 1759 701 1849 disputatio
728 1757 773 1827 de
798 1757 961 1850 periculo
989 1760 1242 1829 assecuratoris
1253 1811 1264 1848 ‚
1292 1781 1375 1826 cum

374 1872 446 1960 fic,
470 1872 633 1963 exposito
654 1883 864 1941 contractus
896 1871 1061 1961 obiecto,
1093 1872 1208 1943 veluti
1237 1895 1282 1940 er
1312 1872 1377 1938 su-

373 1985 511 2079 periori
530 1986 634 2074 loco,
654 1984 759 2056 facile
778 1986 864 2056 aliae
885 1996 1093 2056 contractus
1105 1995 1226 2077 partes
1250 1986 1376 2053 intue-

375 2101 412 2170 ri
440 2110 549 2190 atque
569 2100 771 2191 perspicere
793 2100 912 2204 siccat.
946 2099 1123 2169 Periculis
1143 2099 1264 2186 enim,
1289 2107 1376 2165 tan-

375 2237 485 2306 quam
497 2211 754 2315 fundamento,
776 2215 989 2285 assecuratio
1011 2214 1166 2299 nititur;
1185 2213 1282 2280 unde
1299 2234 1376 2281 non

379 2327 473 2401 male
494 2346 650 2397 vulnus
671 2325 766 2419 (53)
789 2327 943 2405 dixerit:
971 2328 1316 2399 Par-sanaturede
1335 2348 1375 2392 oe

375 2451 529 2513 contrat
559 2452 642 2510 tout
671 2441 820 2532 depend
838 2443 904 2510 dec
927 2443 1098 2536 rapace,
1126 2454 1206 2512 tam
1231 2443 1372 2526 active,

377 2578 492 2651 quam
512 2554 675 2648 passive,
706 2565 744 2623 et
764 2555 841 2626 l'on
861 2578 907 2624 ne
925 2569 1021 2648 peut
1037 2580 1188 2650 gagner
1209 2579 1258 2624 ou
1274 2577 1375 2646 per-e

375 2672 445 2739 dre
470 2667 558 2762 qrc'ci
581 2660 711 2763 raison
740 2671 805 2739 dea
831 2669 1000 2763 requae,
1033 2693 1083 2740 ou
1099 2668 1258 2764 jusque
1282 2687 1375 2732 con-

337 2804 570 2856 ·currence.
606 2823 655 2837 -
687 2782 775 2854 Nifi-
791 2784 903 2878 igitur
931 2785 1132 2876 periculum
1164 2781 1233 2866 fit,
1271 2779 1375 2859 nulle

374 2896 451 2968 esse
482 2905 603 2986 potest
631 2898 874 2986 assecuratio,
908 2921 991 2967 cum
1020 2921 1095 2966 non
1123 2894 1165 2963 fit
1201 2892 1373 2978 materia,

374 3011 414 3079 in
430 3031 502 3100 qua
521 3007 639 3081 sbrma
658 3012 769 3101 posfit
792 3012 937 3083 fundari
961 3011 1075 3102 (54),
1101 3018 1140 3077 et
1157 3008 1374 3075 assecuratio

376 3122 491 3197 veluti
510 3121 584 3190 fine
604 3123 707 3203 causa
728 3125 840 3195 initus
860 3133 1065 3196 contractus
1086 3121 1193 3190 soret.
1324 3181 1331 3193 .

425 3237 480 3306 Ut
501 3257 589 3308 vero
612 3237 727 3328 probe
755 3238 1000 3331 intelligetur,
1027 3236 1114 3329 quid
1143 3245 1180 3305 et
1201 3233 1307 3327 quale
1331 3231 1375 3304 srt

280 3424 284 3431 ,
377 3350 615 3441 periculum,
652 3352 749 3442 quod
778 3351 1047 3425 assecurationis
1080 3348 1259 3419 obiectum
1293 3358 1378 3437 est,

271 3510 276 3519 ·
376 3463 469 3537 illud
486 3463 679 3535 dicendum
703 3465 847 3539 videtur
867 3467 978 3560 casae
994 3467 1162 3562 futurus
1185 3465 1375 3547 incertus,

1300 3595 1376 3666 quo

412 3858 482 3924 (33)
501 3858 543 3913 ad
563 3861 622 3913 Art.
640 3861 678 3922 6,
693 3859 721 3913 h.
741 3862 782 3915 tit.
799 3877 860 3928 pig.
876 3866 921 3928 4⁶·
939 3877 972 3916 u.
990 3877 1098 3919 vapra.
1116 3876 1178 3929 pag.
1197 3861 1258 3932 346·

414 3943 484 4008 (34)
504 3955 685 4003 casanaula,
704 3945 779 3998 oisc.
796 3961 825 4012 4.
851 3950 882 3998 n⁰
908 3961 930 4002 r.
956 3950 1032 4014 Disc.
1054 3961 1096 4010 ¹3·
1115 3951 1158 4002 α’.
1174 3960 1201 4014 ³·
1220 3951 1294 4010 Dtac.
1314 3958 1376 4014 ιη.

378 4028 423 4082 α’.
442 4038 467 4083 1.
485 4038 606 4084 aoccua
626 4028 658 4081 u·
683 4027 727 4081 88.
744 4030 822 4095 Spec.
837 4030 911 4107 trud.
929 4031 988 4084 Art.
1006 4033 1072 4099 4845
