2978 5016
354 463 418 568 ss
578 454 1155 529 1111116610

368 670 581 751 auctoritate
627 669 685 742 vel
724 667 862 739 fraudis
890 669 1045 759 indicia,
1086 692 1134 740 ex
1168 669 1279 763 ipsius
1313 675 1370 745 rei
1465 663 1469 668 ’

370 782 642 856 circumstantiis
661 781 859 852 haurienda
893 782 989 852 sunt.
1040 781 1142 852 Haec
1171 786 1366 877 probatio,

370 920 464 992 quae
497 919 542 967 ex
565 896 702 964 idoneis
724 905 762 964 et
789 895 957 986 congruis
988 895 1260 968 circumstantiis
1287 901 1366 971 elici

370 1021 517 1106 potest,
551 1031 817 1099 nonnunquam
845 1008 989 1077 testium
1021 1010 1227 1100 probationi
1263 1025 1369 1084 ente-

371 1121 540 1216 ponenda
563 1121 636 1190 esse
658 1121 813 1201 videtur.
863 1119 1044 1191 Maiorem
1061 1135 1157 1195 certe
1174 1127 1219 1195 ed
1239 1128 1369 1219 persu-

267 1296 270 1301 ,
373 1236 547 1312 edendam
574 1234 701 1302 iudicis
727 1234 979 1307 conscientiam
1003 1236 1076 1304 vim
1106 1237 1235 1327 hebet,
1261 1264 1369 1331 quam

377 1351 524 1421 testium
541 1346 736 1440 probatio,
757 1346 887 1418 fihaec
904 1347 1175 1421 circumstantiis
1195 1377 1372 1424 noncon-

372 1462 539 1533 firmatur
565 1461 668 1549 (64).

421 1575 515 1647 Cum
543 1596 631 1647 vero
660 1573 705 1644 ad
742 1563 971 1666 probandum
1002 1590 1220 1671 argumenta
1249 1579 1373 1650 defici-

374 1700 457 1780 ant,
483 1687 588 1759 uteri
616 1688 904 1758 contrahentium
934 1688 980 1759 ab
1009 1691 1125 1762 eltero
1156 1695 1296 1788 exigere
1324 1696 1373 1765 li·

374 1813 451 1892 cet,
478 1812 520 1872 ut
543 1801 777 1872 iurisiurandi
811 1803 993 1872 sanctitate
1027 1803 1183 1875 affirmet
1195 1858 1207 1896 ,
1233 1809 1268 1877 se
1288 1821 1372 1878 ante

374 1926 596 1987 contractam
648 1917 943 1985 assecurationem
989 1929 1159 1990 eventum
1191 1919 1373 2011 ignorasse

377 2029 482 2124 (65)
533 2027 734 2116 Quaeritur
756 2041 903 2121 autem,
920 2050 1009 2101 num
1031 2031 1057 2101 6
1082 2033 1163 2124 quis
1183 2033 1373 2104 iusiuran-

375 2143 462 2214 dum
486 2143 728 2232 recusaverit,
753 2145 837 2213 inde
863 2146 907 2214 de
935 2146 1080 2241 fraude
1102 2147 1180 2215 eius
1211 2146 1372 2239 constet,
1401 2168 1405 2177 ’

373 2258 461 2328 adeo
486 2267 528 2326 ut
554 2256 599 2324 ad
629 2256 732 2347 dupli
759 2260 913 2347 praemii
942 2259 1153 2330 solutionem
1174 2264 1372 2333 teneatur?

375 2390 592 2443 rorursmus
616 2367 771 2437 affirmat
796 2371 912 2464 (66),
949 2375 1104 2468 eiusque
1124 2373 1372 2446 sententiani—

376 2487 468 2556 titur
488 2483 514 2554 l.
539 2484 589 2571 5,
611 2486 634 2577 ’6
667 2480 752 2552 111.
777 2483 821 2551 de
852 2484 984 2576 iuret,
1011 2488 1075 2557 ubi
1098 2488 1142 2557 de
1162 2488 1373 2559 iureiuran-

239 2647 243 2655 -
377 2601 424 2669 do
460 2596 603 2689 agitur,
644 2597 741 2688 quod
779 2596 819 2665 in
851 2599 996 2689 poenali
1025 2602 1167 2672 actione
1197 2602 1370 2671 defertur·

376 2712 470 2780 Cum
494 2712 581 2780 re'ro
609 2707 687 2800 ipsa
715 2709 775 2779 lex
800 2710 894 2781 dicut
916 2735 964 2781 en
981 2737 1045 2783 cos
1066 2716 1118 2792 de,
1127 2735 1276 2807 preuve
1300 2737 1373 2806 po—

373 2825 449 2897 tior
484 2822 626 2894 ridetur
667 2827 849 2898 contraria
886 2825 1074 2899 sententia.
1131 2826 1373 2896 iurisiurandi

379 2938 475 3008 enim
515 2935 690 3009 recusatio
724 2960 794 3029 pro
822 2935 1035 3031 probatione
1053 2940 1214 3035 frondic
1247 2939 1373 3009 haberi

376 3075 453 3120 non
484 3060 633 3140 potest,
664 3049 693 3119 fi
731 3053 952 3144 cogitamus,
986 3055 1142 3149 aliquem
1170 3054 1290 3125 varies
1324 3052 1372 3122 ob

378 3165 537 3253 caussas,
572 3186 608 3235 v.
644 3185 698 3254 gr.
732 3161 778 3231 ob
813 3167 1023 3259 religionem
1055 3167 1114 3240 ‘vel
1146 3169 1232 3261 quia
1263 3168 1307 3237 de
1331 3188 1374 3238 rs

377 3279 541 3367 dubitat,
566 3274 612 3346 ab
635 3277 712 3344 eius
739 3279 982 3368 praestatione
1012 3280 1177 3353 desistere
1198 3283 1370 3375 potuisse

426 3393 572 3482 Poena,
599 3411 690 3484 quae
720 3401 804 3482 post
829 3391 1019 3484 probatum
1047 3405 1198 3472 eventus
1229 3396 1376 3466 scienti·

1289 3528 1370 3601 am,
1469 3599 1478 3616 .

399 3728 796 3868 1(6111)111111111,111.1111
822 3742 988 3804 trs-190,
1006 3736 1055 3806 qui
1071 3730 1373 3807 illodpnecluoexeu

379 3827 570 3883 potentat.

413 3896 482 3964 (65)
501 3913 599 3955 cunr.
614 3902 664 3962 ct
684 3903 853 3974 insecat.
887 3902 1178 3964 1116161611

413 3981 483 4051 (66)
501 3982 618 4091 11616.
