2970 5018
302 468 463 559 41
533 498 535 504 -
595 408 1210 534 ⁵erectricem

417 676 486 746 bus
501 673 626 745 relicta
645 680 779 763 estet,
805 673 831 742 fi
851 675 963 743 iustos
987 673 1117 744 limites
1133 675 1293 764 excedit,
1314 677 1412 748 iudi-

398 790 515 859 cibus
540 789 765 859 diiudicanda
787 789 928 858 videtur
953 790 1042 882 (45).
1069 789 1162 859 Cum
1186 813 1271 861 vero
1298 792 1410 860 mini·

412 926 470 972 ma
493 924 656 994 quaeque
678 902 880 971 differentia
901 901 1036 972 attendi
1057 914 1236 993 nequeat,
1252 917 1408 975 temnus

410 1015 643 1086 assecuratori
667 1013 780 1084 factae
801 1013 963 1083 lectionis
983 1016 1160 1084 actionem
1181 1039 1256 1083 non
1276 1023 1408 1087 conce-

399 1130 560 1199 dendam
581 1126 654 1197 esic
675 1127 817 1213 statuit,
841 1125 906 1196 nifi
925 1150 1058 1197 merces
1079 1128 1199 1196 saltem
1210 1151 1279 1221 pro
1293 1153 1406 1222 quar-

402 1255 447 1311 ta
469 1252 573 1334 parte
593 1240 745 1308 nimium
762 1241 967 1309 aestimatae
993 1241 1064 1311 fint
1089 1240 1190 1334 (46).1

460 1356 764 1427 Maxima'autem
788 1353 1040 1444 prohibitionis
1063 1357 1185 1425 caussa
1206 1357 1279 1428 esse
1304 1358 1408 1428 vidc-

410 1483 496 1558 tur,
530 1467 627 1559 quod
662 1466 856 1536 Gallorum
889 1468 1153 1539 assecuratione
1176 1470 1290 1539 amisii
1313 1471 1407 1540 lucri

411 1581 602 1675 praestatio
629 1600 704 1650 non
727 1578 804 1649 fiat.
853 1579 923 1650 Sed
945 1582 1079 1674 sperati
1108 1582 1203 1673 lucri
1224 1585 1407 1653 assecura-

407 1697 460 1766 tio
484 1717 613 1765 revera
632 1716 655 1763 a
677 1694 882 1785 principio,
907 1716 980 1785 quo
1004 1697 1237 1766 eaaddamni
1254 1675 1406 1769 resarci-

407 1811 543 1878 tionem
579 1809 831 1900 restringitur,
848 1831 944 1907 ‘non
968 1809 1113 1877 recedit.
1165 1809 1288 1901 Supra
1312 1811 1407 1879 vidi-

403 1941 508 2012 mus,
530 1924 657 1991 amisso
669 1907 811 2014 sperato
831 1922 958 2011 lucro,
974 1924 1165 1999 mercatori
1180 1946 1290 2013 grave
1307 1924 1405 1991 dam·
1465 1976 1471 1986 ,

402 2058 498 2105 num
531 2036 659 2105 inferri
690 2038 791 2128 porse
805 2087 817 2125 ‚
852 2045 965 2104 ct'ex
993 2034 1100 2104 huius
1132 2035 1406 2103 assecurationis

402 2161 538 2224 natura
560 2158 680 2242 patet,
701 2151 942 2219 assecuratum
965 2149 1106 2216 lucrum
1122 2171 1196 2216 non
1217 2147 1405 2239 inwgina·

302 2293 305 2305 ·
406 2266 532 2351 rium,
557 2263 614 2332 ied
632 2284 759 2332 verum
782 2264 866 2344 erse.
916 2261 1010 2332 Cum
1033 2261 1128 2330 enim
1149 2261 1311 2331 incertus
1323 2262 1405 2331 sus-

404 2379 516 2471 cepti-
533 2376 664 2468 negotii
690 2384 841 2446 eventus
879 2386 1103 2446 mercaturae
1134 2375 1309 2468 proprius
1338 2375 1402 2463 fit,

399 2494 539 2586 'sperati
557 2491 651 2560 lucri
671 2489 884 2559 assecuratio
907 2490 1053 2561 lucrum
1073 2489 1164 2560 illud
1175 2540 1188 2580 ‚
1212 2490 1307 2560 sorte
1326 2491 1404 2559 ori-

352 2639 354 2643 ·
405 2607 568 2696 undum,
606 2617 745 2674 certum
769 2627 844 2673 non
867 2603 1003 2692 reddit,
1042 2628 1192 2694 rerum,
1218 2603 1400 2672 iicertum

401 2719 550 2809 fuisset,
575 2729 763 2788 contracta
789 2719 1001 2787 asiecuratio
1028 2719 1135 2790 valet.
1183 2713 1266 2783 Hoc
1290 2715 1401 2804 igitur

398 2833 487 2901 casu
517 2831 543 2900 fi
575 2854 711 2901 merces
742 2841 899 2924 pereunt
925 2830 985 2903 vel
1011 2830 1141 2898 damno
1157 2828 1398 2916 minuuntur,

398 2946 481 3014 eius
515 2944 666 3013 effectus
700 2946 739 3013 in
781 2944 997 3014 restituendo
1029 2942 1155 3027 lucro,
1187 2942 1399 3031 ceteroquin

394 3068 524 3143 certo,
546 3057 732 3147 conspicui
753 3058 854 3145 sunt5
875 3058 931 3126 iic.
952 3079 987 3127 v.
1007 3077 1061 3144 gr.
1079 3053 1306 3121 assecurator
1322 3078 1399 3125 non

399 3169 604 3262 promittit,
633 3188 768 3237 meroes
793 3192 837 3240 10
865 3189 934 3262 pro
959 3165 1112 3252 C41ucro
1132 3166 1281 3235 daturae
1299 3168 1397 3256 esse,

397 3283 457 3354 tet
481 3284 515 3352 ic
537 3282 609 3352 tale
629 3282 776 3351 lucrum·
791 3281 1046 3374 praestiturum
1065 3282 1271 3373 promittit,
1297 3281 1325 3351 ti
1347 3281 1398 3349 il-

393 3397 464 3468 tud
483 3395 578 3466 felici
593 3396 750 3467 ademto
765 3396 959 3492 cantuset,
975 3395 1061 3464 casu
1077 3407 1198 3466 autem
1216 3395 1397 3464 maritimo

393 3511 598 3583 mittatur.
635 3509 736 3581 Haeo
755 3509 936 3603 conditio,
963 3511 1025 3579 oui
1045 3509 1262 3582 assecuratio
1283 3507 1398 3577 subii-

391 3655 397 3665 ·
735 3670 739 3677 -
917 3665 921 3675 ·
1341 3643 1396 3691 cr·

434 3833 504 3898 (ts)
524 3849 622 3889 anan.
648 3834 668 3886 1.
692 3833 743 3886 Ch.
765 3847 791 3899 9·
813 3834 880 3888 Soet.
898 3847 924 3897 5.
951 3832 964 3900 ς
989 3846 1016 3897 4.
1042 3805 1102 3896 pai.
1127 3794 1191 3894 oya.

433 3915 501 3983 (46)
520 3933 615 3972 vomu
634 3917 666 3970 ad
684 3933 732 3970 arc
752 3923 776 3972 8.
795 3919 811 3971 Ι.
829 3933 882 3974 aur.
894 3933 924 3972 n·
940 3929 1033 3972 vnttn
1045 3915 1138 3970 adart-
1151 3915 1204 3982 '336
1216 3927 1266 3984 pag
1290 3913 1351 3986 404

397 3999 501 4053 Gnidon
521 4002 552 4052 de
569 4003 597 4054 ta
614 4017 676 4058 mer,
696 4015 723 4060 a.
739 4015 792 4059 att·
810 4015 855 4070 iz·
1344 4029 1346 4035 >
