2970 5018
306 455 390 552 m
504 441 1128 524 .1)E·P}3.arco1,o

394 663 454 734 Ex
475 684 517 734 eo
536 662 660 733 ¹autem
672 714 684 754 ,
714 662 811 755 quod
832 662 928 754 dixi,
960 662 1161 737 libertatem
1191 667 1345 760 periculi

346 776 525 847 obiectum
549 777 654 866 esse,
690 797 767 845 non
793 775 974 868 sequitur,
1011 779 1117 849 toties
1138 779 1348 850 libertatem·
1467 834 1480 843 .

346 892 392 961 ab
410 893 651 961 assecuratore
679 891 753 959 esse
781 880 1044 981 redimendam,
1081 894 1220 986 quoties
1248 895 1345 963 asse-

347 1017 497 1076 curatus
528 1027 607 1073 eam
638 1004 791 1073 amittat.
843 1000 1070 1074 dementatio
1098 1007 1216 1096 enim,
1253 1026 1346 1100 quae

347 1142 417 1216 pro
442 1121 581 1188 incerto
611 1117 827 1186 amittendae
854 1116 1029 1187 libertatis
1058 1122 1220 1211 periculo
1253 1147 1346 1190 con-

347 1235 531 1320 trahitur,
568 1227 663 1299 sacta
694 1229 799 1298 semel
834 1232 1052 1302 redemtione
1085 1235 1233 1327 impleta
1264 1246 1343 1324 est,

347 1349 431 1420 licet
450 1346 528 1414 eius
551 1334 698 1413 effectus
716 1365 791 1411 non
810 1343 918 1415 duret
945 1346 961 1439 (
971 1340 1054 1439 27).

391 1459 454 1535 vAd
475 1461 576 1530 huno
595 1457 715 1527 locum
744 1456 932 1528 referenda
954 1461 1061 1529 etiam
1089 1471 1142 1531 est
1169 1462 1255 1554 legio
1275 1485 1347 1530 an-

348 1576 471 1666 tiquae
494 1568 699 1640 constitutio
726 1571 819 1663 (art.
857 1595 897 1642 11
934 1573 972 1642 h.
1007 1575 1116 1668 tit),
1152 1597 1244 1669 quae
1276 1577 1345 1663 iis,

259 1690 265 1705 '
350 1688 415 1782 qui
450 1685 609 1778 captivos
637 1685 893 1776 redemerant,
928 1687 1160 1760 redemtionis
1188 1690 1348 1781 pretium

350 1799 606 1871 assecurationi
625 1800 847 1869 committere
865 1800 1092 1871 concedebat.
1132 1803 1255 1873 Huius
1278 1826 1348 1870 au-

160 1917 168 1927 '
291 1949 295 1958 ·
350 1924 424 1986 tem
436 1915 705 1983 assecurationis
717 1912 867 1984 effectus
889 1914 1106 1983 eooernitur
1121 1965 1132 2003 ‚
1145 1927 1187 1984 ut
1205 1917 1349 1984 redem-

351 2043 435 2118 tus,
451 2026 618 2097 diterum
629 2037 757 2119 captus
769 2038 846 2118 est,
859 2027 978 2097 denuo
989 2025 1146 2096 libertati
1165 2028 1346 2098 reddatur.

353 2142 418 2211 sin
447 2160 533 2210 vero
566 2139 727 2229 occisus,
763 2140 822 2213 vel
856 2162 953 2234 aqua
975 2140 1175 2211 submersus
1197 2152 1345 2233 pereat,

352 2255 592 2324 assecuratum
622 2253 853 2322 redemtionis
877 2255 1036 2346 pretium
1059 2255 1103 2324 ab
1125 2256 1350 2324 assecurato·

353 2369 456 2440 ribus
486 2365 679 2435 redemtori
715 2365 924 2437 solvendum
958 2379 1047 2457 eat,
1081 2378 1118 2438 et
1144 2367 1259 2438 factae
1288 2369 1352 2458 i‘p-

353 2483 425 2554 !ius
453 2464 630 2571 impensae
662 2478 915 2570 compensabit.
965 2480 1032 2552 Sed
1059 2476 1105 2551 ab
1125 2484 1351 2553 assecurato-

354 2598 407 2666 ris
420 2594 581 2686 periculo
603 2595 720 2664 aliena
739 2603 886 2662 manent
904 2593 1056 2685 damna,
1083 2621 1175 2690 quae
1189 2621 1234 2666 ex
1247 2616 1348 2662 mor·

354 2716 392 2779 te
411 2709 562 2779 redemti
582 2708 739 2780 naturali
760 2706 952 2801 profluunt
977 2709 1084 2804 (28).

322 3115 325 3119 ⁴
390 3077 460 3150 (2⁷)
487 3093 581 3134 naza·
606 3078 630 3137 1·
653 3077 706 3134 ct.
726 3083 756 3133 a.
780 3081 849 3136 sect.
874 3097 901 3137 2.
926 3081 940 3150 ς
964 3080 992 3135 e.
1016 3104 1051 3119 -
1076 3089 1184 3130 casm.
1203 3073 1280 3128 nise.
1307 3084 1351 3137 23.

376 3169 399 3196 ,.

356 3162 467 3321 Ι(αἲξ)
489 3261 585 3304 amre.
604 3247 627 3302 1.
646 3245 733 3302 CM
760 3249 831 3304 Sace.
849 3259 877 3316 3.
