2970 5018
376 514 1245 605 dssEcuunr·0R1S.„3ci

258 726 360 797 navis
382 729 602 819 reparandae
626 729 830 799 necessitate
862 727 1045 814 existunt,
1072 724 1130 793 led
1152 725 1249 794 iusta

256 840 362 907 etiam
383 840 428 907 ab
454 841 583 909 itinere
605 841 794 910 declinatio
818 840 982 926 ridetur,
1006 837 1030 906 fi
1054 860 1096 905 ea
1118 837 1164 905 ad
1186 839 1249 905 iuss·

256 954 497 1044 vestigandam
530 955 682 1023 tutelam
711 955 770 1037 vel
794 954 839 1022 ad
867 954 1025 1022 hostium
1056 951 1249 1024 devitatio-

254 1089 336 1133 nem
360 1065 534 1134 sacta·est
556 1065 670 1157 (55).
808 1069 812 1075 ’

302 1178 422 1247 Licita
456 1180 562 1247 etiam
588 1180 690 1249 navis
713 1179 758 1246 ab
785 1179 926 1247 itineris
951 1178 1058 1246 curlu
1081 1176 1244 1246 deductio
1368 1252 1371 1257 ,

254 1293 419 1381 videtur,
456 1291 482 1359 fi
518 1314 560 1359 ea
592 1303 745 1383 propter
782 1292 1031 1379 concussiones
1066 1288 1152 1378 fiat,
1187 1284 1246 1360 vel

253 1428 326 1496 quo
363 1404 465 1474 navis
501 1401 675 1473 liberetur
711 1404 965 1494 vectigalibus,
1005 1424 1097 1492 quae
1119 1413 1257 1469 contra-

133 1517 141 1535 *
251 1519 343 1587 iuria
380 1518 543 1608 gentium
586 1530 780 1609 praecepta
822 1528 1013 1609 coguntur.
1074 1513 1113 1583 Si
1147 1516 1244 1584 enim

251 1631 456 1701 navarchus
491 1633 643 1721 metuit,
688 1642 731 1700 ut
768 1654 809 1699 ea
849 1632 887 1703 vi
931 1640 1241 1721 extorqueantur,

250 1765 292 1810 ea
330 1766 443 1835 aeque
478 1768 520 1812 ac
563 1745 816 1835 praedatorum
858 1754 894 1813 et
930 1745 1130 1835 piratarum
1172 1765 1243 1810 na-

249 1878 335 1944 ves,
362 1857 528 1927 evitanda
555 1857 628 1926 ease
657 1869 767 1950 patet.
819 1855 888 1925 Sed
919 1856 965 1944 fi,
988 1865 1029 1925 ut
1049 1855 1151 1923 licita
1173 1856 1243 1923 de·

248 1964 434 2038 fraudaret
452 1972 661 2062 vectigalia,
687 1995 815 2043 navam
839 1971 884 2039 ab
903 1970 1042 2038 itineris
1056 1970 1163 2038 cursu
1174 1969 1241 2037 de·-

248 2081 430 2172 flecteret,
472 2086 757 2153 assecuratorum
795 2084 962 2175 obligatio
1008 2085 1241 2175 extinguere-

247 2206 323 2263 tur.
359 2195 568 2289 Eademque
590 2201 730 2267 ratione
752 2199 917 2266 concessa
936 2221 1012 2265 non
1032 2197 1177 2268 videtur
1196 2219 1239 2264 ea

246 2307 462 2398 declinatio,
496 2312 523 2379 li
552 2323 594 2380 ut
611 2313 778 2380 nonnihil
796 2321 1031 2404 parceretur,
1056 2310 1241 2376 assecura-

245 2430 305 2487 tor
339 2444 468 2513 magno
502 2426 664 2514 periculo
700 2424 1002 2517 eslet'exposrtus
1041 2421 1149 2516 (54).
1189 2459 1238 2472 -

244 2532 323 2601 Nec
356 2544 476 2603 autem
511 2537 672 2628 legibus,
710 2563 828 2630 neque
852 2563 874 2606 a
898 2537 1014 2605 iudice
1039 2532 1240 2623 improbari

243 2647 347 2736 posse
381 2648 524 2718 videtur
556 2650 770 2739 declinatio,
810 2673 902 2741 quae
939 2647 981 2716 fit
1015 2646 1060 2714 ab
1093 2646 1236 2713 itineris

242 2760 349 2829 cursu
384 2760 642 2834 adservandos
666 2763 873 2853 naufragos.
925 2760 1113 2828 Praesumi
1137 2759 1235 2827 enim

147 2958 151 2979 ,
243 2897 317 2942 non
363 2884 510 2966 potest,
548 2878 828 2945 assecuratorem
863 2873 1135 2941 declinationem
1172 2895 1238 2940 re·

242 2988 400 3077 celasse,
427 3012 536 3080 quam
560 2989 796 3058 humanitatis
815 2997 855 3055 'et
879 2988 1024 3058 virtutis
1043 2985 1138 3078 leges
1159 3009 1235 3054 non

240 3108 383 3166 tantum
407 3104 646 3192 permittunt,
674 3101 733 3170 sed
756 3101 917 3192 exigunt.
946 3100 1054 3192 (55).

291 3207 468 3297 Quamvis
489 3217 570 3283 iure
590 3217 712 3307 patrio
729 3213 906 3282 barateria
929 3213 1235 3304 potroniacnau-

240 3332 361 3392 tarum
396 3325 656 3396 assecuratione
698 3339 775 3396 erat
804 3325 1079 3418 comprehensa,
1109 3320 1234 3412 plera-

242 3457 314 3529 que
344 3444 465 3509 tamen
495 3436 628 3505 statuta
653 3439 697 3515 de
725 3441 925 3515 mutatione
954 3435 1096 3506 itineris
1127 3442 1164 3500 et
1189 3432 1234 3500 de

979 3586 985 3601 ·
1166 3543 1237 3613 de-

273 3786 341 3854 (33)
360 3804 497 3846 narrare
520 3789 560 3843 11.
583 3801 642 3855 pag.
669 3786 729 3851 361.
745 3814 777 3829 -
795 3800 874 3842 rnna
900 3799 961 3852 pag.
988 3794 1049 3848 30¹·
1065 3795 1232 3846 oiarsannr.

238 3889 297 3940 ata·
316 3889 377 3939 roo·
862 3916 866 3923 .
1064 3902 1068 3912 ·

273 3961 342 4028 (aa)
360 3976 449 4021 noro.
469 3961 545 4013 'rom
563 3960 587 4013 l.
606 3972 666 4026 pars
683 3973 709 4023 4.
728 3958 778 4008 Tit.
798 3957 827 4009 6.
845 3955 859 4022 ς
876 3957 902 4008 8.

271 4046 343 4116 (35)
359 4060 498 4102 renuere
518 4045 553 4099 ll.
573 4058 635 4112 pag.
652 4047 715 4109 3⁶4·

704 4123 788 4197 Na
