2970 5018
314 430 454 561 ὅς’
525 478 1101 559 narnaionno

314 696 414 792 apud
425 715 695 782 enormem,
722 692 891 764 Masfiliis
912 710 1097 791 receptum
1117 698 1217 790 erse,
1244 716 1317 795 que

315 815 370 882 les
398 810 601 902 assurenro
634 810 783 878 doivent
818 831 1014 902 praevar,
1053 836 1124 906 que
1152 809 1194 881 la
1219 838 1318 883 nou-

314 925 408 1000 velle
438 924 484 991 de
505 924 547 991 la
569 932 682 1012 perte
706 918 804 989 dtait
832 945 971 992 oonnue
1006 925 1102 993 dano
1134 927 1175 994 la
1205 928 1317 1018 ville,

315 1036 448 1134 quand
478 1031 678 1126 Passaron!
706 1057 732 1100 α
761 1036 823 1100 dtd
844 1035 973 1126 faite,
1009 1037 1107 1104 mair
1141 1060 1215 1107 non
1238 1060 1319 1132 poa
1376 1022 1395 1111 ⁵,

316 1172 388 1247 qne
409 1149 573 1240 l'oasurd
591 1148 626 1215 le
641 1146 741 1238 μὴ·
765 1156 801 1213 et
825 1167 908 1216 cum
931 1149 999 1217 hoo
1018 1150 1198 1243 principio
1219 1174 1320 1222 non-⁴

318 1264 443 1345 nullae
475 1284 533 1330 res
563 1259 769 1345 iudicatae,
815 1282 905 1352 quae
943 1261 1081 1352 refert,
1124 1267 1318 1336 convenire

317 1376 488 1469 ridentur
515 1373 620 1464 (51).

327 1474 330 1481 ’
370 1485 480 1574 Quod
502 1495 623 1554 autem
655 1485 820 1556 notitiam
851 1485 1012 1575 attinet,
1051 1510 1161 1580 quam
1190 1489 1234 1558 de
1265 1490 1319 1558 rei

319 1612 452 1671 eventu
477 1599 609 1667 habere
632 1601 817 1690 potuerit,
844 1622 887 1667 ea
916 1599 959 1668 de
984 1624 1090 1689 vera,
1117 1612 1237 1690 certa,
1262 1601 1319 1670 le-

318 1714 442 1807 gitima
460 1721 496 1780 et
518 1712 647 1780 idonea
666 1714 794 1782 notitia
811 1712 1044 1804 intelligenda
1064 1727 1130 1784 est.
1182 1714 1318 1803 Fama,

318 1848 411 1920 quae
439 1826 486 1894 de
514 1826 568 1894 rei
595 1836 729 1897 eventu
758 1826 876 1918 sparsa
898 1835 1001 1913 erat,
1027 1836 1218 1917 tempore,
1247 1850 1320 1918 quo

313 1939 532 2019 ,assecuratio
564 1949 750 2007 eontracta
787 1948 876 2029 est,
913 1948 1140 2007 contractum
1175 1940 1320 2008 nullum

319 2075 396 2122 non
421 2050 549 2125 reddit.
598 2049 654 2119 Ea
679 2054 801 2140 enim,
842 2074 932 2143 quae
955 2060 1029 2119 tam
1059 2050 1133 2120 ficti
1156 2061 1210 2119 est
1229 2074 1320 2142 pra-

194 2198 197 2203 ·
318 2166 429 2255 vique
458 2174 590 2251 tenax,
629 2180 737 2254 quam
768 2162 847 2236 veri
874 2163 1031 2254 nuntia,
1069 2164 1151 2232 licet
1178 2175 1316 2232 metum

322 2287 472 2370 augeat,
493 2275 693 2367 pericnlum
705 2288 825 2346 tamen
838 2277 1017 2346 incertum
1030 2277 1205 2368 relinquit
1218 2327 1228 2366 ,
1246 2298 1320 2368 quo

323 2390 536 2463 assecuratio
548 2441 559 2480 ‚
570 2401 744 2482 tanquam
756 2391 1012 2480 fundamento,
1027 2390 1094 2459 niti
1102 2389 1212 2482 posfit
1227 2391 1316 2483 (52).

324 2504 395 2574 Sed
409 2507 495 2574 haec
512 2505 729 2595 praesumtio
742 2527 818 2573 non
829 2510 970 2583 tantum
987 2528 1031 2573 ex
1042 2504 1189 2597 publica
1209 2529 1322 2576 even-

323 2628 386 2685 tus
406 2616 555 2706 notitia,
591 2638 719 2689 verum
747 2614 892 2685 aliunde
924 2615 1030 2684 etiam
1056 2619 1145 2686 oriri
1165 2627 1320 2707 potest,

325 2752 441 2819 eaque
475 2730 601 2801 iudicis
634 2731 784 2800 arbitrio
819 2740 928 2823 atque
956 2731 1172 2822 prudentiae
1206 2729 1323 2797 relin-

325 2843 466 2938 quitur.

377 2953 446 3022 Sed
466 2966 611 3046 praeter
639 2980 699 3026 eas
723 2959 802 3031 veri
823 2958 980 3028 nominis
1009 2953 1323 3048 praesumtiones,

326 3067 434 3139 aliam
457 3071 530 3137 esse
554 3069 732 3158 vidimuS,
766 3069 875 3147 Arta
904 3067 1322 3158 566100mprehensam3

326 3204 421 3274 quae
448 3181 546 3251 izorio
573 3183 681 3250 etde
711 3182 796 3251 iore
818 3184 962 3252 dieitur.
1014 3181 1212 3272 Eaautem
1233 3181 1325 3250 niet

325 3295 457 3367 effectu
476 3319 509 3362 a·
520 3296 828 3387 praesumtionum
846 3307 978 3365 natura
994 3295 1082 3362 adeo
1103 3293 1256 3382 recedit,
1282 3303 1325 3361 ut

326 3409 471 3501 plenam
493 3408 601 3476 saciat
618 3408 672 3476 rei
695 3407 957 3499 probationem.
1009 3407 1107 3476 Hinc
1130 3430 1206 3476 non
1232 3406 1325 3474 male
1454 3411 1463 3420 “

324 3518 456 3593 dioitur
468 3522 553 3616 legis
564 3519 768 3591 constitutio
787 3520 922 3614 aliquid
934 3522 1192 3614 praesumentis
1205 3572 1217 3613 ‚
1232 3538 1324 3613 quae

691 3624 698 3640 ’
929 3670 932 3675 ,
1046 3666 1049 3675 ·
1259 3633 1333 3701 sir-4

359 3827 428 3894 (ει)
456 3843 552 3884 rnen·
569 3792 617 3882 ΙΙ..
632 3827 685 3882 Cla.
706 3840 747 3895 15.
766 3829 836 3884 Sere.
855 3842 883 3895 3.
910 3829 969 3898 54.
988 3843 1015 3886 et
1032 3842 1059 3887 a,
1085 3854 1119 3872 ··
1145 3838 1322 3888 eortina,

328 3909 462 3963 tremores
479 3920 519 3962 ν’.
536 3913 665 3978 arsurem.
1394 3912 1396 3917 '

360 3994 429 4062 (52)
455 4009 550 4049 rnra.
570 3997 596 4051 n
627 3995 678 4050 cd.
698 4008 739 4062 ts.
757 3997 824 4054 scos.
843 3998 895 4067 305
916 3997 944 4053 6.
