2970 5018
340 432 391 505 id
546 421 645 493 DE
703 414 1135 493 PERIOULO

341 639 481 736 patriae
519 635 648 705 statuta
683 633 776 701 hanc
807 631 1087 724 prohibitionem
1125 635 1343 733 omiserant,

343 758 459 846 iisque
499 749 661 843 pulveris
707 745 805 839 pyrii
833 757 869 816 et
902 756 1168 822 tormentorum
1200 755 1344 826 assecu-

278 913 284 929 ι
342 869 437 939 ratio
481 863 651 956 permissa
689 871 791 951 erat,
836 859 1030 960 dummodo
1068 887 1112 934 ca
1144 867 1342 959 specialiter

341 981 634 1074 exprimerentur
658 973 746 1066 (6).

390 1094 436 1163 In
476 1088 701 1159 concedenda
745 1087 920 1156 mercium
953 1081 1213 1162 assecuratione
1246 1097 1342 1187 teges

342 1230 487 1301 quoque
511 1202 649 1273 nullam
682 1199 965 1293 prohibitionem
996 1203 1116 1274 fecisse
1156 1209 1339 1279 videntur.

339 1317 556 1392 Mercatoria
581 1326 703 1384 autern
727 1325 763 1383 et
788 1314 855 1384 Icti
880 1337 1098 1409 magnopere
1116 1321 1203 1390 loire
1221 1325 1340 1392 inter-

341 1443 417 1520 eat,
446 1451 622 1522 quaenam
651 1450 710 1496 res
740 1428 924 1497 mercium
949 1433 1118 1524 nomine,
1151 1437 1190 1504 in
1219 1438 1341 1528 polin·-

338 1547 393 1615 ais
425 1543 578 1631 ufitato,
625 1541 906 1630 contineantur,
950 1545 1108 1637 quidque
1139 1547 1178 1621 in
1214 1571 1340 1618 earum

338 1658 580 1751 dedignatione
604 1657 672 1726 usu
701 1666 887 1747 receptum
911 1653 965 1723 fit.
981 1697 1030 1710 -
1049 1659 1278 1731 Eminentior
1299 1663 1340 1731 in

337 1775 418 1842 iure
441 1772 592 1863 antiquo
615 1771 745 1863 species
768 1769 873 1839 nobis
897 1772 1083 1861 occurrit,
1114 1775 1219 1843 cuius
1240 1800 1342 1843 com-

337 1884 510 1954 mercium
522 1933 533 1970 ,
561 1908 689 1976 magno
719 1882 951 1953 humanitatis
980 1883 1144 1952 dedecori
1166 1887 1341 1979 Europae

337 1998 471 2092 populi
493 1998 579 2066 olim
598 1998 787 2068 faciebant.
824 1995 1200 2068 Mercaturaminnuo
1213 2003 1338 2071 servo-

337 2136 421 2185 rum
434 2162 444 2200 ,
457 2113 520 2203 qui
539 2110 585 2181 ab
608 2111 752 2182 Africae
765 2113 838 2181 oria
854 2113 894 2181 in
906 2111 1092 2182 Americae
1101 2114 1258 2182 colonias
1267 2116 1334 2182 de-

335 2225 575 2298 ducebantur.
624 2227 677 2294 Hi
697 2227 818 2316 enim,
838 2249 922 2297 cum
933 2231 1107 2296 mercium
1126 2227 1331 2297 iurehabe-

334 2350 489 2429 rentur,
532 2338 790 2409 assecurationi'
828 2343 1002 2411 committi
1036 2351 1205 2433 poterant
1239 2341 1327 2434 (7).

333 2453 402 2522 Sed
423 2477 506 2521 cum
529 2454 632 2522 hodic
656 2454 850 2546 pleraeque
870 2453 1042 2546 Europae
1067 2465 1211 2547 gentes,
1234 2456 1330 2543 inter

334 2590 424 2656 quas
455 2566 555 2636 Galli
567 2618 579 2656 ,
614 2569 964 2646 hancmercaturam
986 2567 1123 2661 legibus
1154 2567 1330 2660 prohibe·

333 2688 397 2746 ant
432 2678 529 2772 (8),
569 2681 652 2750 talia
691 2679 902 2750 assecuratio
929 2681 1037 2752 etiam
1062 2684 1173 2757 vetita
1203 2679 1329 2749 cristi-

333 2789 464 2858 manda
487 2801 553 2859 est.

413 2906 417 2912 ’
1284 2901 1330 2974 In

368 3149 421 3220 (6)
437 3166 467 3205 v.
484 3163 517 3206 o.
533 3163 661 3205 ruerem,
679 3152 720 3205 th.
738 3154 789 3214 718
804 3152 993 3208 -LexAmst.
1014 3150 1074 3209 Art.
1092 3162 1142 3215 ro,
1160 3151 1262 3220 aliaque
1283 3142 1337 3208 sto

335 3249 390 3291 ona
407 3235 477 3307 apud
496 3252 522 3289 v.
541 3250 574 3290 u.
591 3245 716 3292 rerunt
735 3237 848 3293 laudnt.

370 3321 421 3391 (7)
440 3335 536 3376 amur.
565 3323 587 3374 1.
609 3319 661 3400 ci·
677 3323 704 3374 8.
723 3321 792 3375 Sace.
811 3336 838 3390 4.
857 3323 908 3392 55.
931 3349 965 3362 -
984 3334 1129 3376 norman.
1156 3322 1209 3375 No.
1239 3325 1282 3376 28.
1302 3348 1334 3367 -

313 3418 426 3475 ‚varro
445 3405 476 3457 ad
494 3407 555 3458 Art.
576 3419 641 3460 uer
659 3421 689 3472 ¹5
706 3405 773 3474 legis
791 3420 845 3460 unt.
882 3424 913 3460 n.
931 3421 1026 3461 varin
1044 3407 1132 3460 adan·
1152 3420 1204 3476 ³34
1217 3421 1243 3460 et
1261 3420 1333 3473 335,

331 3500 398 3559 Pid-
417 3501 494 3553 397v

366 3574 418 3644 (8)
437 3573 485 3627 Cf.
503 3573 711 3631 Amiccmt'ult
728 3590 753 3644 J.
769 3588 800 3630 r.
816 3542 1144 3644 mnuuaanrrsrnvou
1152 3589 1329 3633 notrorum.

329 3659 358 3713 ia
385 3662 489 3726 egregia
512 3658 695 3715 dissertatione
713 3663 744 3714 da
760 3661 894 3728 serrorum
912 3663 1035 3718 Afrorum
1065 3664 1229 3720 commercio,
1254 3672 1330 3724 coquo

332 3751 402 3793 recte
411 3744 532 3817 sublato,
553 3760 598 3798 nec
617 3761 667 3798 non
686 3750 717 3799 do
725 3747 848 3810 Afrorum
852 3748 982 3814 servitute
993 3750 1099 3816 perteus
1115 3746 1241 3799 tollenda.
1255 3745 1328 3797 sect.
1404 3766 1419 3783 *-

298 3854 302 3860 ·
329 3838 358 3884 4·
382 3826 459 3964 etna
475 3844 509 3895 2,
528 3845 562 3897 3,
585 3847 622 3900 43·
644 3831 690 3888 ubi
714 3833 748 3889 de
774 3835 860 3903 pona
892 3846 982 3889 nostre
1005 3846 1066 3900 prr.
1092 3833 1158 3896 1883
1184 3827 1218 3884 de
1244 3825 1327 3882 Gallia

330 3923 391 3977 pag.
409 3923 442 3963 20
461 3944 471 3966 .
1339 3936 1342 3951 ·
