2978 5016
283 461 978 539 tssncuut'ronrs
1088 471 1137 562 ³7

139 683 207 752 bns
239 680 379 750 nullam
403 664 508 767 fessa,
534 699 619 744 cum·
654 674 681 743 fi
719 673 812 744 alter
848 676 1135 749 contrahentium

138 806 308 868 eventum
325 793 412 861 scire
431 791 589 881 potuisse
609 789 666 858 vel
698 776 839 856 scivisse
872 791 1133 880 praesumitur,

136 921 215 979 tum
245 908 352 976 etiam
380 904 412 977 .s1
436 915 605 975 eventum
634 898 710 990 iptr
734 901 915 991 cognitum
948 903 1021 971 esse
1043 926 1136 994 pro·-

136 1022 257 1091 batur.
308 995 597 1088 Praesumtiones
641 1012 871 1108 exposuimus
910 1038 1002 1103 eus,
1042 1040 1135 1107 quae

136 1137 223 1206 sacti
251 1134 322 1204 live
347 1130 503 1201 hominis
535 1128 619 1195 sunt
631 1174 643 1215 ,
670 1135 706 1193 et
729 1149 829 1216 earn,
865 1151 957 1218 quae
982 1129 1059 1220 ipsa
1078 1130 1135 1198 le-

135 1273 178 1342 ge
207 1247 436 1317 constituitur
448 1267 460 1327 3
502 1261 603 1309 nunc
635 1248 754 1307 autam
788 1241 913 1330 paucis
939 1241 1133 1311 videndum

134 1364 205 1432 erit
223 1363 266 1430 dc
284 1361 447 1445 ratione,
475 1376 546 1446 qua
566 1350 876 1444 probaripotest,
898 1354 951 1422 rei
962 1366 1132 1424 eventum

134 1487 219 1545 ante
251 1481 471 1541 contractam
498 1467 792 1535 assecurationem
820 1465 865 1534 ab
887 1492 961 1535 uno
983 1479 1133 1537 contra-

134 1588 298 1657 hentium
328 1583 509 1675 cognitum
542 1580 651 1650 fuisse
663 1629 675 1667 ,
718 1579 832 1670 deque
872 1581 981 1649 huius
1024 1582 1133 1651 srau-

135 1700 189 1765 dis
214 1719 344 1788 poena.

184 1809 306 1880 Haec,
323 1807 490 1877 admissae
520 1804 658 1875 fraudis
695 1803 861 1896 probatio
895 1807 1130 1876 assecuratori

135 1925 192 2009 rol
222 1924 423 1993 assecurato
456 1921 556 1989 omni
578 1941 704 1994 rerum,
722 1919 924 1987 conditione
945 1920 1042 1989 licitu
1061 1932 1126 1989 est.

134 2039 215 2105 Sive
246 2035 364 2124 enim,
389 2034 474 2125 legis
494 2042 659 2122 tempore
680 2032 820 2122 elapso,
855 2018 1129 2123 praesumtionis

134 2149 258 2218 favore
276 2149 474 2241 gaudeant,
494 2145 565 2214 live
588 2146 693 2212 etiam
712 2147 805 2214 hanc
826 2149 1127 2238 praesumtionem
1237 2193 1239 2197 ψ

134 2263 296 2331 nondum
327 2259 600 2350 acquisrverint,
635 2258 681 2326 ad
716 2260 938 2351 probandam
974 2262 1026 2330 rei
1062 2286 1129 2329 co-

133 2376 328 2463 gnitionem
354 2372 494 2465 semper
516 2372 768 2445 admittuntur.
820 2375 900 2444 Lex
920 2375 995 2464 ipsa
1021 2375 1124 2443 Art0.

133 2487 205 2556 566
216 2487 306 2556 illud
317 2487 436 2555 innuit
450 2508 459 2554 :
477 2488 575 2575 sans
579 2488 781 2580 prdjudice
794 2487 860 2554 des
868 2497 999 2554 autres
1002 2511 1129 2576 preu-

137 2623 210 2668 ves.
262 2599 433 2689 Iniquum
455 2599 550 2667 enim
583 2601 696 2687 esset,
723 2599 748 2667 fi
774 2599 861 2687 legis
882 2599 1128 2689 praesumtio,

135 2713 179 2781 nd
204 2713 433 2784 avertendam
461 2712 623 2782 fraudem
659 2710 878 2799 constituta,
903 2710 1015 2780 malae
1046 2713 1127 2783 fidei

107 2805 111 2814 ’
134 2825 403 2896 contrahentem
420 2823 557 2893 fraudis
578 2846 695 2914 poena
725 2820 906 2893 liberaret.
957 2823 1127 2918 Denique

133 2937 268 3007 fraudis
289 2937 496 3030 probandae
516 2936 668 3005 facultas
686 2958 763 3004 non
784 2937 926 3007 tollitur
945 2940 1124 3029 clausula,
1162 3000 1169 3015 ,

135 3074 208 3141 qua
233 3052 445 3123 assecuratio
473 3051 514 3119 in
548 3073 693 3138 omnem
724 3063 896 3122 eventum
926 3053 1021 3123 fucta
1054 3058 1127 3124 esse

132 3163 276 3231 dicitur.
299 3166 379 3233 'Ea
418 3166 513 3234 enirn
543 3165 629 3257 legis
662 3174 804 3233 tuntum
830 3168 1046 3257 praesumtio
1062 3169 1129 3235 ¹es-

133 3278 231 3345 t'ectu
262 3276 492 3368 destituitur,
520 3278 576 3346 sed
608 3278 710 3347 nulla
737 3279 903 3370 pactione
926 3279 1018 3350 effici
1052 3303 1126 3372 po-

132 3398 224 3474 test,
246 3410 292 3455 ne
324 3386 425 3456 dolus
458 3402 662 3479 praestetur
688 3392 793 3483 (65).

142 3578 148 3597 ,Ι
183 3499 292 3588 Quod
312 3500 356 3568 ad
380 3502 553 3570 rationem
583 3507 733 3591 attinet,
770 3528 842 3594 qua
870 3503 1036 3594 probatio
1066 3501 1130 3572 illa

131 3613 211 3685 fieri
239 3623 383 3707 potest,
413 3635 455 3681 ea
486 3614 543 3685 vel
562 3616 693 3685 directe
717 3615 879 3704 obtinet,
904 3618 960 3686 uti
981 3616 1128 3685 testium

1057 3750 1129 3799 au·-

170 3952 236 4024 (63)
253 3953 272 4007 l.
292 3967 335 4022 27.
356 3955 369 4024 ς
386 3967 411 4021 3.
432 3953 461 4009 ff.
476 3951 508 4010 de
526 3950 821 4108 Parth-goram.
838 3951 895 4009 No.
912 3966 956 4022 24.
