2970 5018
358 497 457 553 xvm
576 471 1187 549 INTRODUcultt

342 692 537 778 -tptioncm
563 686 745 758 instituere
773 688 930 782 possem,
971 687 1088 756 dicere
1116 688 1281 757 constitui
1312 690 1357 758 dc

344 780 530 896 'periculo
576 803 878 895 assecuratoric,
934 802 1004 873 [ive
1047 805 1090 873 de
1116 790 1355 897 obligatione,

360 939 470 1008 quom
498 918 718 985 assecurutor
740 918 780 985 in
802 916 958 1008 legitime
986 917 1259 986 assecuratione·
1276 917 1357 986 suc-

360 1031 478 1120 cepit,
500 1029 656 1097 ¹resectis
692 1027 884 1118 omnibus,
916 1052 1008 1120 quae
1037 1030 1095 1102 vel
1126 1030 1171 1098 ed
1202 1030 1357 1100 formam

358 1141 568 1234 pertinent,
594 1140 651 1210 vel
684 1141 729 1208 cd
759 1141 960 1230 rationem,
990 1165 1061 1232 qua
1092 1142 1263 1211 damnum
1294 1165 1357 1210 re-

361 1254 556 1339 sarciatur,
589 1253 776 1321 reserende
802 1254 897 1323 sunt.
947 1253 1213 1347 Elegantissime
1235 1255 1358 1324 haedo

361 1391 401 1437 re
413 1368 501 1436 dixit
512 1366 670 1434 summus
682 1386 857 1435 vumuus:
908 1416 935 1456 „
949 1365 1050 1436 O'cot
1074 1369 1125 1438 ici
1137 1393 1208 1438 une
1228 1371 1357 1460 ecpe'ce

360 1483 406 1549 de
424 1484 522 1573 jeu,
556 1480 623 1572 qui
653 1479 758 1570 exige
790 1478 981 1572 beaucoup
1022 1483 1068 1550 de
1093 1484 1286 1574 prudence
1310 1483 1358 1550 de

359 1596 401 1665 lo
447 1568 543 1684 port
582 1595 628 1661 de
676 1615 792 1682 ceux,
838 1593 906 1686 qui
950 1597 1016 1684 e'p‘
1067 1598 1265 1665 odonnent.
1317 1595 1359 1663 Il

351 1710 448 1799 faut
461 1706 572 1798 faire
593 1707 830 1776 L’AuAmcn
848 1726 923 1776 ono
948 1727 1160 1795 monuo,
1187 1720 1224 1776 et
1243 1708 1357 1800 pose-

361 1822 431 1888 der
456 1838 509 1888 LA
537 1839 707 1889 oetnucu
738 1840 799 1888 nu
827 1839 977 1888 cALeuz
1006 1839 1081 1888 neo
1107 1840 1355 1889 momm-

361 1936 462 2021 Νέης,
489 1933 645 2024 ρνένοὶν
672 1935 726 2002 leo·
749 1933 885 2002 ecueilc
908 1933 953 2000 de
986 1932 1027 2021 lo
1041 1976 1044 1981 -
1058 1955 1163 2020 mer,
1194 1942 1233 1998 et
1262 1955 1355 2000 ceux

360 2047 405 2114 de
427 2049 471 2116 -lct
512 2048 703 2116 mauvaioe
731 2047 820 2137 soi,
855 2068 901 2114 nc
926 2068 1005 2137 pac
1034 2045 1181 2135 perdre
1210 2046 1256 2113 de
1283 2071 1352 2115 vae.

286 2248 289 2253 Ι
357 2159 413 2231 leo
433 2183 497 2226 cac
526 2159 695 2227 'insolite-9
717 2170 755 2226 et
783 2157 1135 2244 extraordineiree,
1165 2157 1352 2227 combiner

358 2273 393 2341 le
429 2282 511 2340 tout
523 2321 535 2359 ,
568 2273 603 2340 le
621 2340 624 2345 ,
640 2294 837 2361 comparer
866 2294 954 2340 avec
989 2271 1024 2339 le
1054 2283 1144 2339 taux
1173 2272 1238 2338 dec
1255 2273 1350 2362 pri-

359 2410 460 2476 mes,
490 2397 527 2453 et
545 2388 668 2480 juger
698 2384 787 2478 quel
796 2384 893 2476 sera
915 2385 950 2452 le
982 2388 1145 2455 resultat
1175 2387 1221 2454 de
1253 2387 1350 2456 l'cn-

358 2484 558 2570 oomhlessf

409 2613 514 2701 Quae
541 2615 651 2706 igitur
682 2613 750 2683 hec
774 2613 817 2687 de
844 2635 884 2682 re
913 2613 1122 2708 collegeram
1146 2627 1182 2684 et
1201 2615 1353 2682 medito-

357 2739 559 2814 luseram,
586 2729 636 2796 ita
670 2728 850 2819 disposui,
882 2738 924 2796 ut
956 2752 1001 2798 ex
1036 2731 1155 2821 primo
1186 2729 1354 2816 disputo-

357 2840 467 2908 tionis
508 2841 623 2929 eepite
662 2842 865 2930 constaret,
900 2842 1062 2933 periculo
1101 2836 1352 2907 assecuratoris

359 2954 401 3021 in
437 2953 699 3023 assecuratione
734 2957 893 3046 primum
934 2953 1053 3023 locum
1089 2949 1352 3033 concedendum

356 3067 453 3155 esse,
490 3089 513 3132 o
553 3090 626 3156 quo
672 3077 789 3134 cetera
825 3069 946 3135 omnic
990 3062 1250 3155 quodammodo
1294 3063 1352 3128 di-·

257 3258 261 3263 ,
358 3187 514 3269 vergunt
539 3177 596 3246 vel
630 3201 701 3269 quo
738 3189 925 3267 reguntur.
977 3175 1045 3244 Rei
1076 3178 1172 3245 enim
1203 3174 1375 3266 pericu-·

355 3291 454 3378 lum,
494 3291 588 3382 quod
619 3292 842 3371 assecuretor
878 3290 1053 3378 sustinet,
1086 3288 1265 3357 obiectum
1298 3298 1353 3357 est

359 3405 650 3490 assecurationis,
676 3402 846 3488 minime,
883 3404 979 3493 quod
1014 3404 1183 3471 nonnulli
1216 3425 1352 3494 perpe-

355 3543 434 3588 ram
469 3519 617 3605 dicunt,
643 3518 719 3608 ipsa
742 3540 798 3583 res
823 3517 1044 3604 aslecuruta,
1072 3516 1216 3585 fiillam
1238 3539 1260 3583 a
1281 3537 1351 3605 pe-

354 3633 470 3700 riculo
501 3633 695 3709 seiunctam
730 3630 912 3719 respicies.
964 3629 1021 3696 Sic
1051 3643 1172 3699 eutem
1200 3631 1253 3696 rei
1279 3649 1350 3693 na·-

354 3754 459 3813 turae
488 3747 573 3814 mihi
600 3768 800 3837 congruum
833 3746 946 3814 visum
970 3753 1046 3832 est,
1074 3753 1117 3810 ut
1145 3743 1257 3811 altero
1287 3760 1351 3806 ca*
1398 3750 1399 3756 ’

356 3856 431 3944 pite
458 3859 659 3944 traderem,
697 3880 873 3945 quaenam
905 3879 963 3922 res
983 3854 1145 3945 periculo
1166 3851 1351 3954 assecupu-

351 3967 442 4036 toris
468 3963 591 4038 subiici
611 3969 751 4058 possint
763 4017 775 4056 ,
801 3967 872 4039 five
901 3989 993 4058 quae
1016 3963 1084 4036 fiut
1103 3963 1258 4055 periculi
1267 3962 1350 4035 ·'·'ob-

1270 4090 1360 4145 lecu)
