2970 5018
232 482 331 553 ne
414 434 1029 547 inruonucrro

231 701 288 760 tor
310 696 431 779 gentes
450 681 661 775 Europaeas
683 686 864 778 divulgata
884 698 962 785 erat
975 736 985 773 ,
998 688 1152 758 effecisse
1167 690 1230 760 ri-³

233 805 364 887 detur,
410 809 453 868 ut
492 798 623 868 statuta
664 812 787 869 nostra
813 801 910 892 apud
944 814 1086 872 exteros
1119 806 1229 873 etiam

232 925 377 1007 recepta
411 912 560 981 fuerint.
619 913 677 982 Sic
719 914 816 1005 apud
856 914 1064 985 Bremenles
1107 917 1227 1009 legum

233 1030 446 1098 auctoritate
467 1026 690 1116 gaudebant,
720 1037 756 1094 et
775 1026 881 1095 Rusfi
901 1026 1228 1097 Amstaelodameu-
1288 1034 1291 1041 '

233 1143 325 1212 lium
353 1139 395 1207 de
418 1138 678 1206 assecuratione
701 1137 830 1207 statuto
858 1138 1054 1208 utebantur
1088 1142 1133 1209 ad
1156 1165 1228 1209 an-

232 1278 323 1326 num
356 1273 468 1341 usque
499 1251 615 1341 1781,
650 1276 722 1342 quo
752 1250 944 1320 Catharina
978 1253 1015 1321 ΙΙ
1041 1255 1085 1322 de
1118 1255 1229 1323 disci-

234 1367 337 1459 plina
376 1363 496 1431 navali
534 1363 797 1432 ordinationem
827 1364 948 1432 edidit.
1002 1363 1112 1457 Apud
1137 1389 1229 1434 nos-

85 1484 110 1515 '·
233 1489 345 1549 trates
362 1487 482 1545 autem
506 1475 636 1559 statuta
655 1499 697 1544 ea
717 1477 937 1567 valuerunt,
974 1479 1085 1549 donec
1108 1481 1247 1571 patria,

234 1601 360 1659 nostra
403 1587 594 1658 Gallorum
632 1589 786 1681 imperio
822 1590 1035 1686 legibusque
1062 1592 1231 1664 subiice-

233 1714 352 1773 retur.
1117 1782 1121 1800 ἱ

285 1817 533 1888 Mercatorum
571 1816 744 1912 probitati
773 1828 809 1888 et
844 1831 1008 1908 receptae
1040 1823 1232 1888 consuetu·
1277 1830 1281 1840 '

236 1928 335 2017 dini,
360 1956 432 2021 qua
463 1933 543 2002 lites
575 1935 696 2003 electis
725 1932 870 2002 arbitris
893 1932 1013 2000 dirimi
1048 1932 1230 2020 solebant,

233 2043 467 2114 tribuendum
507 2046 614 2114 etiam
658 2045 822 2133 videtur,
857 2045 953 2137 quod
982 2046 1039 2112 ius
1071 2048 1230 2136 patrium

235 2160 275 2228 in
312 2158 420 2226 rebus
448 2159 493 2228 ad
535 2169 773 2228 mercaturam
810 2157 1099 2250 pcrtinentibus,
1139 2161 1232 2228 mira

236 2272 478 2362 interpretum
508 2273 634 2363 inopia
667 2272 830 2360 laboret,
877 2284 913 2341 et
947 2271 1233 2361 iurisprudentia

237 2386 358 2465 miuus
387 2384 529 2453 exculta
570 2385 634 2471 fit,
678 2407 787 2474 quem
825 2409 894 2476 pro
934 2385 1232 2454 commerciorum
1300 2440 1305 2453 .

236 2497 443 2590 frequentia
483 2509 518 2566 et
565 2497 692 2589 infigni
746 2500 962 2567 nostratium
1014 2499 1236 2590 iurisperitia

237 2614 409 2703 augurari
432 2613 599 2681 licuisset.
648 2610 761 2680 Extat
798 2622 918 2681 tamen
952 2615 1132 2705 egregium
1161 2613 1236 2678 hu-

239 2725 297 2791 ius
320 2725 483 2795 scientiae
515 2728 796 2813 documentum,
825 2727 920 2817 quod
952 2727 1020 2795 leti
1043 2723 1236 2792 celeberri-

237 2838 289 2907 mi
320 2837 430 2927 (51),
477 2839 575 2908 iussu
615 2841 708 2932 regis
740 2840 941 2928 Ludovici,
986 2859 1055 2928 pro
1097 2835 1236 2903 Codicis

237 2949 428 3042 specimine
463 2949 728 3040 exhibuerunt,
766 2954 957 3045 quodque,
983 2929 1057 3019 riou
1096 2948 1235 3017 insueto

235 3065 355 3155 legum
390 3063 658 3155 propofitarum
686 3065 760 3135 sato
772 3117 784 3155 ,
806 3066 896 3135 iuris
922 3062 1135 3131 auctoritate
1160 3086 1235 3131 non
1271 3073 1274 3077 ’

206 3156 209 3162 ’
236 3193 290 3247 est
314 3177 510 3244 munitum.

286 3288 461 3376 Quamvis
498 3289 606 3380 igitur
640 3290 764 3359 doctae
796 3294 1111 3360 commentationes
1145 3312 1236 3357 nos-

233 3403 382 3472 tratium
403 3404 441 3472 in
466 3403 546 3472 iure
570 3405 781 3472 mercatorio
805 3406 931 3481 merita
950 3430 1025 3475 non
1047 3406 1234 3497 evincant,

237 3516 387 3588 historia
433 3528 553 3586 tamen
587 3527 740 3586 testatur
774 3516 1003 3588 Ludovicum
1036 3541 1234 3610 magnum,

122 3624 126 3640 Χ
238 3633 305 3725 qui
323 3632 527 3725 praeclaras
547 3632 591 3703 de
615 3655 655 3702 re
676 3632 888 3703 mercatoria
910 3632 1004 3728 leges
1015 3632 1249 3722 tulit,mer-·¹

1167 3762 1233 3808 ca-

239 4064 241 4073 ,
274 3985 344 4058 (3¹)
362 4001 391 4041 n.
419 4001 482 4044 vnn
508 4003 640 4051 cannen.
676 4002 712 4048 n.
731 4005 753 4048 r.
772 4003 875 4048 nesea.
897 4002 933 4043 vr.
952 4001 1233 4071 vinorurrnurn.
