2970 5018
231 438 285 545 {eo
387 457 536 561 ''DE
585 457 1017 536 PERICULO

284 672 343 755 Ex
371 670 642 741 assecurationis
683 674 888 743 definitione
912 673 1113 758 uidimus,
1153 691 1230 754 eam

183 800 189 807 ’
236 797 463 856 contractum
486 786 558 854 esse
583 785 820 863 bilateralem
839 788 864 854 i.
891 810 923 855 e.
944 786 1077 872 talem,
1102 808 1173 874 quo
1185 782 1230 868 ab

234 911 389 992 utraque
412 908 517 989 parte
551 902 802 983 contrahentes
838 898 1061 990 obligationis
1085 898 1231 979 vinculo

234 1000 502 1089 continentur.¹
534 1008 579 1090 In
608 1010 664 1078 his
694 1022 815 1079 autem
853 994 1096 1080 contractibus
1142 1009 1231 1098 illa,

237 1147 329 1219 quae
348 1119 602 1215 substantiam
630 1124 707 1191 eius
728 1123 884 1209 faciunt,
903 1125 990 1199 adeo
1016 1135 1057 1193 ut
1081 1124 1153 1192 fine
1176 1124 1233 1191 his

236 1236 370 1318 exstare
396 1243 577 1325 nequeat,
603 1235 773 1329 distingui
797 1238 950 1328 possunt
986 1237 1030 1306 ab
1053 1238 1119 1325 iis,
1141 1260 1233 1328 quae

235 1351 348 1442 rotgo
380 1349 542 1440 adsunt,
578 1349 636 1416 vel
658 1352 832 1440 fortuita
863 1349 1055 1433 habentur,
1099 1350 1165 1421 Uti
1193 1353 1234 1423 itt

235 1466 402 1545 emtionis
438 1459 654 1528 venditionis
699 1473 888 1532 contractu
920 1487 1003 1553 res,
1047 1487 1139 1555 quae
1168 1487 1234 1533 ve«.-

235 1583 321 1647 neat
346 1574 506 1665 (merx),
540 1574 697 1665 pretium
719 1586 755 1645 et
776 1576 965 1645 consensus
996 1575 1235 1650 substantialia

237 1688 486 1775 constituunt,
502 1686 550 1756 fic
571 1691 678 1769 etiam
689 1689 727 1759 in
748 1699 937 1759 contractu
960 1689 1235 1758 assecurationis
1324 1719 1328 1725 ·

236 1808 289 1884 rei
308 1801 537 1893 periculum,
557 1805 758 1892 praemium
780 1813 888 1894 atque
905 1802 1094 1869 consensus
1104 1784 1148 1886 ad
1158 1808 1234 1872 eius

237 1917 424 2000 essentiam
446 1917 642 2005 portinent.
669 1915 828 2009 Regulae
859 1916 970 2006 igitur
993 1925 1102 2003 atque
1126 1919 1234 2004 prin-,-

234 2029 353 2119 cipia,
390 2027 522 2118 quibus
553 2029 592 2096 in
616 2031 772 2098 emtione
801 2029 1007 2101 venditione
1039 2026 1232 2098 substante

110 2147 113 2153 '
234 2143 306 2223 alia
334 2149 535 2232 reguntur,
561 2139 607 2211 ad
629 2143 719 2229 alios
750 2166 898 2236 quoque
924 2150 1131 2214 contractus
1169 2164 1233 2209 re-

235 2254 326 2337 ferri
346 2253 448 2346 posse
469 2252 652 2340 videntur,

165 2401 168 2407 ’
283 2369 329 2438 In
353 2369 397 2438 iis
414 2377 557 2456 autem,
585 2391 678 2460 quae
698 2379 903 2439 contractus
925 2366 1153 2439 substantiam
1175 2367 1235 2440 fae

234 2483 362 2573 ciunt,
392 2483 560 2572 inprimis
598 2481 690 2551 illud
722 2485 948 2575 requiritur,
973 2496 1041 2572 ut,
1064 2485 1125 2576 qui
1158 2506 1236 2550 rem

234 2597 400 2684 noverit,
436 2595 536 2696 illam
574 2606 739 2667 accurate
778 2595 937 2676 definiat.
989 2597 1088 2668 Hinc
1128 2597 1235 2663 etiam

135 2794 141 2801 .
234 2710 316 2783 iure
340 2709 504 2791 Romano
523 2710 576 2787 rei
593 2711 759 2780 dominus
785 2708 986 2779 necessitate
1006 2708 1236 2796 adstringitur

234 2821 280 2904 td
290 2820 344 2903 Υθί
355 2832 523 2906 naturam
535 2825 585 2901 ita
596 2825 843 2918 exponendam
858 2834 923 2913 ,ut
934 2822 1161 2913 ambiguitate
1170 2840 1236 2892 ca7

234 2943 337 3021 reat,
363 2934 505 3026 qualem
528 2960 616 3006 varo
638 2940 892 3029 descripserat,
917 2943 1082 3019 accurate
1106 2954 1235 3021 praes-⁴

235 3047 392 3124 tendam.
421 3046 784 3138 „Veteribusenim”,
799 3051 853 3117 uti
865 3067 1081 3124 summanus
1091 3045 1233 3136 inquit,

236 3212 265 3252 ‚,
278 3160 437 3251 placuit,
451 3160 654 3251 pactionem
664 3162 849 3249 obscuram
861 3160 918 3230 vel
929 3157 1129 3250 ambiguam
1141 3181 1236 3232 vene

234 3273 382 3363 „ditori
400 3282 437 3364 et
456 3273 511 3362 ei,
532 3274 596 3364 qui
615 3273 746 3345 locavit
758 3296 906 3360 nocere,
927 3271 966 3339 in
991 3295 1148 3362 quorum
1165 3270 1237 3340 suit

237 3436 263 3475 ,‚
277 3396 485 3477 potestate,
515 3386 627 3478 legem
659 3386 819 3479 apertius
854 3383 1099 3460 conscribere⁷'
1132 3385 1234 3476 (56).

237 3498 400 3591 Eandem
412 3499 458 3588 ob
468 3501 628 3620 caussam
638 3488 884 3594 assecuratus',
894 3498 1126 3590 eniperiouli,
1141 3497 1238 3591 quod

1195 3634 1236 3685 m

239 3873 340 4013 Νέεό)
357 3875 377 3930 1·
397 3890 442 3945 39.
460 3879 493 3953 ff,
509 3876 541 3932 de
568 3877 666 3954 pactis,
702 3890 848 3956 roratas..
870 3873 951 3953 Prot.
978 3873 1045 3949 sust.
1071 3873 1113 3950 De
1138 3868 1236 3949 tacitis,

285 3996 292 4011 .
311 3972 357 4023 zo.
