<?xml version="1.0" encoding="UTF-8"?>
<!DOCTYPE html PUBLIC "-//W3C//DTD XHTML 1.0 Transitional//EN"
    "http://www.w3.org/TR/xhtml1/DTD/xhtml1-transitional.dtd">
<html xmlns="http://www.w3.org/1999/xhtml" xml:lang="en" lang="en">
 <head>
  <title>
</title>
<meta http-equiv="Content-Type" content="text/html;charset=utf-8" />
  <meta name='ocr-system' content='tesseract 3.04.00' />
  <meta name='ocr-capabilities' content='ocr_page ocr_carea ocr_par ocr_line ocrx_word'/>
</head>
<body>
  <div class='ocr_page' id='page_1' title='image "./depericuloquoda00backgoog_0142.png"; bbox 0 0 2970 5018; ppageno 0'>
   <div class='ocr_carea' id='block_1_1' title="bbox 392 474 1244 580">
    <p class='ocr_par' dir='ltr' id='par_1_1' title="bbox 392 474 1244 580">
     <span class='ocr_line' id='line_1_1' title="bbox 392 474 1244 580; baseline 0.002 -32"><span class='ocrx_word' id='word_1_1' title='bbox 392 474 1088 567; x_wconf 72' lang='lat' dir='ltr'><strong>sssncunsnonrs.</strong></span> <span class='ocrx_word' id='word_1_2' title='bbox 1195 505 1244 580; x_wconf 70' lang='lat'><strong>99</strong></span> 
     </span>
    </p>
   </div>
   <div class='ocr_carea' id='block_1_2' title="bbox 152 689 1324 1353">
    <p class='ocr_par' dir='ltr' id='par_1_2' title="bbox 152 689 1324 1353">
     <span class='ocr_line' id='line_1_2' title="bbox 244 689 1239 787; baseline 0.001 -25"><span class='ocrx_word' id='word_1_3' title='bbox 244 715 321 762; x_wconf 83' lang='lat' dir='ltr'><strong>uno</strong></span> <span class='ocrx_word' id='word_1_4' title='bbox 343 700 486 787; x_wconf 83' lang='lat' dir='ltr'><strong>tanturn</strong></span> <span class='ocrx_word' id='word_1_5' title='bbox 510 700 667 781; x_wconf 76' lang='lat' dir='ltr'><strong>petrono</strong></span> <span class='ocrx_word' id='word_1_6' title='bbox 690 689 876 782; x_wconf 80' lang='lat' dir='ltr'><strong>loquatur.</strong></span> <span class='ocrx_word' id='word_1_7' title='bbox 901 727 951 747; x_wconf 79' lang='lat'><strong>-</strong></span> <span class='ocrx_word' id='word_1_8' title='bbox 986 689 1151 771; x_wconf 79' lang='lat' dir='ltr'><strong>Maxima</strong></span> <span class='ocrx_word' id='word_1_9' title='bbox 1173 693 1239 767; x_wconf 75' lang='lat' dir='ltr'><strong>de,-</strong></span> 
     </span>
     <span class='ocr_line' id='line_1_3' title="bbox 241 802 1324 905; baseline 0 -28"><span class='ocrx_word' id='word_1_10' title='bbox 241 809 434 892; x_wconf 87' lang='lat' dir='ltr'><strong>triments,</strong></span> <span class='ocrx_word' id='word_1_11' title='bbox 469 803 601 896; x_wconf 86' lang='lat' dir='ltr'><strong>quibus</strong></span> <span class='ocrx_word' id='word_1_12' title='bbox 634 815 767 875; x_wconf 86' lang='lat' dir='ltr'><strong>nsutae</strong></span> <span class='ocrx_word' id='word_1_13' title='bbox 798 802 958 875; x_wconf 76' lang='lat' dir='ltr'><strong>caussam</strong></span> <span class='ocrx_word' id='word_1_14' title='bbox 987 806 1073 886; x_wconf 77' lang='lat' dir='ltr'><strong>dare</strong></span> <span class='ocrx_word' id='word_1_15' title='bbox 1099 805 1234 905; x_wconf 81' lang='lat' dir='ltr'><strong>solent,</strong></span> <span class='ocrx_word' id='word_1_16' title='bbox 1315 817 1324 877; x_wconf 81' lang='lat' dir='ltr'><strong>&#39;z</strong></span> 
     </span>
     <span class='ocr_line' id='line_1_4' title="bbox 241 918 1235 1015; baseline 0.002 -27"><span class='ocrx_word' id='word_1_17' title='bbox 241 943 286 1001; x_wconf 80' lang='lat' dir='ltr'><strong>ex</strong></span> <span class='ocrx_word' id='word_1_18' title='bbox 304 943 430 1015; x_wconf 76' lang='lat' dir='ltr'><strong>eorum</strong></span> <span class='ocrx_word' id='word_1_19' title='bbox 448 918 643 993; x_wconf 81' lang='lat' dir='ltr'>rebellione</span> <span class='ocrx_word' id='word_1_20' title='bbox 661 918 720 991; x_wconf 83' lang='lat' dir='ltr'><strong>vel</strong></span> <span class='ocrx_word' id='word_1_21' title='bbox 732 918 929 996; x_wconf 74' lang='lat' dir='ltr'><strong>desertione</strong></span> <span class='ocrx_word' id='word_1_22' title='bbox 941 919 1132 1009; x_wconf 86' lang='lat' dir='ltr'><strong>profluunt</strong></span> <span class='ocrx_word' id='word_1_23' title='bbox 1145 920 1235 1012; x_wconf 68' lang='lat'><strong>(26).</strong></span> 
     </span>
     <span class='ocr_line' id='line_1_5' title="bbox 239 1029 1236 1122; baseline 0 -19"><span class='ocrx_word' id='word_1_24' title='bbox 239 1054 474 1104; x_wconf 77' lang='lat' dir='ltr'><strong>uurmeonus</strong></span> <span class='ocrx_word' id='word_1_25' title='bbox 506 1041 626 1103; x_wconf 86' lang='lat' dir='ltr'><strong>autem</strong></span> <span class='ocrx_word' id='word_1_26' title='bbox 660 1030 756 1122; x_wconf 78' lang='lat'><em>(27)</em></span> <span class='ocrx_word' id='word_1_27' title='bbox 794 1031 884 1101; x_wconf 89' lang='lat' dir='ltr'><strong>duas</strong></span> <span class='ocrx_word' id='word_1_28' title='bbox 916 1029 1002 1101; x_wconf 83' lang='lat' dir='ltr'><strong>facit</strong></span> <span class='ocrx_word' id='word_1_29' title='bbox 1031 1031 1236 1113; x_wconf 70' lang='lat' dir='ltr'>rebellionis</span> 
     </span>
     <span class='ocr_line' id='line_1_6' title="bbox 239 1141 1233 1239; baseline -0.001 -22"><span class='ocrx_word' id='word_1_30' title='bbox 239 1148 371 1239; x_wconf 79' lang='lat' dir='ltr'><strong>species</strong></span> <span class='ocrx_word' id='word_1_31' title='bbox 405 1157 442 1216; x_wconf 87' lang='lat' dir='ltr'><strong>et</strong></span> <span class='ocrx_word' id='word_1_32' title='bbox 471 1170 494 1217; x_wconf 90' lang='lat' dir='ltr'><strong>a</strong></span> <span class='ocrx_word' id='word_1_33' title='bbox 521 1145 676 1237; x_wconf 86' lang='lat' dir='ltr'><strong>proprie</strong></span> <span class='ocrx_word' id='word_1_34' title='bbox 709 1141 756 1211; x_wconf 87' lang='lat' dir='ltr'><strong>fic</strong></span> <span class='ocrx_word' id='word_1_35' title='bbox 796 1143 890 1212; x_wconf 87' lang='lat' dir='ltr'><strong>dicta</strong></span> <span class='ocrx_word' id='word_1_36' title='bbox 930 1143 1125 1221; x_wconf 84' lang='lat' dir='ltr'><strong>rebellione</strong></span> <span class='ocrx_word' id='word_1_37' title='bbox 1157 1149 1233 1216; x_wconf 84' lang='lat' dir='ltr'><strong>eam</strong></span> 
     </span>
     <span class='ocr_line' id='line_1_7' title="bbox 152 1256 1235 1353; baseline -0.002 -23"><span class='ocrx_word' id='word_1_38' title='bbox 152 1256 155 1263; x_wconf 77' lang='grc'><strong>’</strong></span> <span class='ocrx_word' id='word_1_39' title='bbox 238 1259 447 1353; x_wconf 83' lang='lat' dir='ltr'><strong>distinguit,</strong></span> <span class='ocrx_word' id='word_1_40' title='bbox 476 1280 568 1350; x_wconf 88' lang='lat' dir='ltr'><strong>quac</strong></span> <span class='ocrx_word' id='word_1_41' title='bbox 599 1280 645 1325; x_wconf 86' lang='lat' dir='ltr'><strong>ex</strong></span> <span class='ocrx_word' id='word_1_42' title='bbox 672 1266 772 1325; x_wconf 88' lang='lat' dir='ltr'><strong>metu</strong></span> <span class='ocrx_word' id='word_1_43' title='bbox 794 1256 953 1337; x_wconf 85' lang='lat' dir='ltr'><strong>hostium</strong></span> <span class='ocrx_word' id='word_1_44' title='bbox 983 1257 1041 1328; x_wconf 81' lang='lat' dir='ltr'><strong>vel</strong></span> <span class='ocrx_word' id='word_1_45' title='bbox 1073 1257 1235 1341; x_wconf 72' lang='lat' dir='ltr'><strong>instantip</strong></span> 
     </span>
    </p>
   </div>
   <div class='ocr_carea' id='block_1_3' title="bbox 238 1368 1367 1472">
    <p class='ocr_par' dir='ltr' id='par_1_3' title="bbox 238 1368 1367 1472">
     <span class='ocr_line' id='line_1_8' title="bbox 238 1368 1367 1472; baseline -0.001 -28"><span class='ocrx_word' id='word_1_46' title='bbox 238 1375 391 1444; x_wconf 80' lang='lat' dir='ltr'><strong>alicuius</strong></span> <span class='ocrx_word' id='word_1_47' title='bbox 417 1371 502 1449; x_wconf 84' lang='lat' dir='ltr'><strong>mali</strong></span> <span class='ocrx_word' id='word_1_48' title='bbox 517 1372 646 1451; x_wconf 85' lang='lat' dir='ltr'><strong>oritur.</strong></span> <span class='ocrx_word' id='word_1_49' title='bbox 706 1368 813 1445; x_wconf 83' lang='lat' dir='ltr'><strong>Hanc</strong></span> <span class='ocrx_word' id='word_1_50' title='bbox 843 1369 1050 1445; x_wconf 75' lang='lat' dir='ltr'><strong>rebellionis</strong></span> <span class='ocrx_word' id='word_1_51' title='bbox 1084 1372 1236 1463; x_wconf 78' lang='lat' dir='ltr'><strong>speciem</strong></span> <span class='ocrx_word' id='word_1_52' title='bbox 1364 1465 1367 1472; x_wconf 68' lang='lat'><strong>,</strong></span> 
     </span>
    </p>
   </div>
   <div class='ocr_carea' id='block_1_4' title="bbox 235 1485 1238 2939">
    <p class='ocr_par' dir='ltr' id='par_1_4' title="bbox 236 1485 1238 2049">
     <span class='ocr_line' id='line_1_9' title="bbox 237 1485 1238 1581; baseline -0.001 -24"><span class='ocrx_word' id='word_1_53' title='bbox 237 1487 499 1565; x_wconf 71' lang='lat' dir='ltr'><strong>assecuratione</strong></span> <span class='ocrx_word' id='word_1_54' title='bbox 517 1485 656 1575; x_wconf 85' lang='lat' dir='ltr'><strong>semper</strong></span> <span class='ocrx_word' id='word_1_55' title='bbox 678 1485 934 1575; x_wconf 82' lang='lat' dir='ltr'><strong>comprehendi</strong></span> <span class='ocrx_word' id='word_1_56' title='bbox 955 1486 1165 1581; x_wconf 79' lang='lat' dir='ltr'><strong>contendit,</strong></span> <span class='ocrx_word' id='word_1_57' title='bbox 1187 1489 1238 1559; x_wconf 88' lang='lat' dir='ltr'><strong>il-</strong></span> 
     </span>
     <span class='ocr_line' id='line_1_10' title="bbox 237 1596 1235 1692; baseline 0 -23"><span class='ocrx_word' id='word_1_58' title='bbox 237 1601 374 1692; x_wconf 87' lang='lat' dir='ltr'><strong>ludque</strong></span> <span class='ocrx_word' id='word_1_59' title='bbox 396 1596 517 1676; x_wconf 88' lang='lat' dir='ltr'><strong>multis</strong></span> <span class='ocrx_word' id='word_1_60' title='bbox 540 1597 648 1677; x_wconf 82' lang='lat' dir='ltr'><strong>rebus</strong></span> <span class='ocrx_word' id='word_1_61' title='bbox 668 1596 831 1675; x_wconf 88' lang='lat' dir='ltr'><strong>iudicatis</strong></span> <span class='ocrx_word' id='word_1_62' title='bbox 855 1596 1057 1667; x_wconf 85' lang='lat' dir='ltr'><strong>confirmat.</strong></span> <span class='ocrx_word' id='word_1_63' title='bbox 1085 1598 1141 1679; x_wconf 81' lang='lat' dir='ltr'><strong>Ea</strong></span> <span class='ocrx_word' id='word_1_64' title='bbox 1164 1627 1235 1684; x_wconf 71' lang='lat' dir='ltr'><strong>ars,-</strong></span> 
     </span>
     <span class='ocr_line' id='line_1_11' title="bbox 239 1711 1234 1807; baseline 0.002 -26"><span class='ocrx_word' id='word_1_65' title='bbox 239 1722 311 1781; x_wconf 86' lang='lat' dir='ltr'><strong>tem</strong></span> <span class='ocrx_word' id='word_1_66' title='bbox 338 1711 509 1799; x_wconf 86' lang='lat' dir='ltr'><strong>rebelli0,</strong></span> <span class='ocrx_word' id='word_1_67' title='bbox 543 1733 635 1802; x_wconf 89' lang='lat' dir='ltr'><strong>quse</strong></span> <span class='ocrx_word' id='word_1_68' title='bbox 670 1711 778 1780; x_wconf 86' lang='lat' dir='ltr'><strong>talem</strong></span> <span class='ocrx_word' id='word_1_69' title='bbox 810 1713 968 1779; x_wconf 84' lang='lat' dir='ltr'><strong>caussam</strong></span> <span class='ocrx_word' id='word_1_70' title='bbox 1001 1711 1234 1807; x_wconf 78' lang='lat' dir='ltr'><strong>nonhabet,</strong></span> 
     </span>
     <span class='ocr_line' id='line_1_12' title="bbox 239 1824 1233 1916; baseline 0.005 -23"><span class='ocrx_word' id='word_1_71' title='bbox 239 1835 317 1899; x_wconf 78' lang='lat' dir='ltr'><strong>tum</strong></span> <span class='ocrx_word' id='word_1_72' title='bbox 344 1826 486 1894; x_wconf 87' lang='lat' dir='ltr'><strong>domum</strong></span> <span class='ocrx_word' id='word_1_73' title='bbox 508 1825 764 1903; x_wconf 83' lang='lat' dir='ltr'><strong>assecuratoris</strong></span> <span class='ocrx_word' id='word_1_74' title='bbox 786 1824 949 1916; x_wconf 86' lang='lat' dir='ltr'><strong>periculo</strong></span> <span class='ocrx_word' id='word_1_75' title='bbox 973 1824 1184 1916; x_wconf 76' lang='lat' dir='ltr'><strong>subiicitur,</strong></span> <span class='ocrx_word' id='word_1_76' title='bbox 1208 1830 1233 1903; x_wconf 88' lang='lat' dir='ltr'><strong>li</strong></span> 
     </span>
     <span class='ocr_line' id='line_1_13' title="bbox 236 1937 1231 2049; baseline 0.001 -40"><span class='ocrx_word' id='word_1_77' title='bbox 236 1939 451 2013; x_wconf 82' lang='lat' dir='ltr'><strong>assecuratio</strong></span> <span class='ocrx_word' id='word_1_78' title='bbox 471 1962 553 2013; x_wconf 88' lang='lat' dir='ltr'><strong>cum</strong></span> <span class='ocrx_word' id='word_1_79' title='bbox 565 1937 765 2007; x_wconf 84' lang='lat' dir='ltr'><strong>baratariae</strong></span> <span class='ocrx_word' id='word_1_80' title='bbox 784 1938 945 2049; x_wconf 62' lang='lat' dir='ltr'><strong>clausulp</strong></span> <span class='ocrx_word' id='word_1_81' title='bbox 961 1949 1146 2015; x_wconf 83' lang='lat' dir='ltr'><strong>contracta</strong></span> <span class='ocrx_word' id='word_1_82' title='bbox 1165 1953 1231 2022; x_wconf 73' lang='lat' dir='ltr'><strong>est.</strong></span> 
     </span>
    </p>

    <p class='ocr_par' dir='ltr' id='par_1_5' title="bbox 235 2051 1234 2710">
     <span class='ocr_line' id='line_1_14' title="bbox 287 2051 1234 2148; baseline 0.004 -27"><span class='ocrx_word' id='word_1_83' title='bbox 287 2051 379 2123; x_wconf 90' lang='lat' dir='ltr'><strong>Cum</strong></span> <span class='ocrx_word' id='word_1_84' title='bbox 410 2053 514 2123; x_wconf 85' lang='lat' dir='ltr'><strong>nulla</strong></span> <span class='ocrx_word' id='word_1_85' title='bbox 530 2053 711 2148; x_wconf 83' lang='lat' dir='ltr'><strong>¹pactione</strong></span> <span class='ocrx_word' id='word_1_86' title='bbox 744 2051 837 2121; x_wconf 89' lang='lat' dir='ltr'><strong>effici</strong></span> <span class='ocrx_word' id='word_1_87' title='bbox 872 2051 1013 2143; x_wconf 85' lang='lat' dir='ltr'><strong>posfit,</strong></span> <span class='ocrx_word' id='word_1_88' title='bbox 1048 2077 1095 2123; x_wconf 91' lang='lat' dir='ltr'><strong>ne</strong></span> <span class='ocrx_word' id='word_1_89' title='bbox 1128 2053 1234 2139; x_wconf 72' lang='lat' dir='ltr'><strong>dolus</strong></span> 
     </span>
     <span class='ocr_line' id='line_1_15' title="bbox 236 2163 1233 2257; baseline 0.007 -21"><span class='ocrx_word' id='word_1_90' title='bbox 236 2176 465 2257; x_wconf 72' lang='lat' dir='ltr'><strong>praestetur,</strong></span> <span class='ocrx_word' id='word_1_91' title='bbox 491 2165 553 2237; x_wconf 77' lang='lat' dir='ltr'><strong>vix</strong></span> <span class='ocrx_word' id='word_1_92' title='bbox 582 2174 637 2235; x_wconf 85' lang='lat' dir='ltr'><strong>est</strong></span> <span class='ocrx_word' id='word_1_93' title='bbox 667 2163 763 2256; x_wconf 86' lang='lat' dir='ltr'><strong>quod</strong></span> <span class='ocrx_word' id='word_1_94' title='bbox 792 2188 985 2255; x_wconf 88' lang='lat' dir='ltr'><strong>moneam,</strong></span> <span class='ocrx_word' id='word_1_95' title='bbox 1012 2168 1233 2247; x_wconf 79' lang='lat' dir='ltr'><strong>navarchum</strong></span> 
     </span>
     <span class='ocr_line' id='line_1_16' title="bbox 235 2279 1233 2375; baseline 0.001 -26"><span class='ocrx_word' id='word_1_96' title='bbox 235 2279 452 2370; x_wconf 79' lang='lat' dir='ltr'><strong>imperitiam</strong></span> <span class='ocrx_word' id='word_1_97' title='bbox 482 2279 540 2352; x_wconf 76' lang='lat' dir='ltr'><strong>vel</strong></span> <span class='ocrx_word' id='word_1_98' title='bbox 571 2279 821 2373; x_wconf 80' lang='lat' dir='ltr'><strong>negligentiam</strong></span> <span class='ocrx_word' id='word_1_99' title='bbox 860 2289 896 2351; x_wconf 86' lang='lat' dir='ltr'><strong>et</strong></span> <span class='ocrx_word' id='word_1_100' title='bbox 926 2279 1104 2370; x_wconf 81' lang='lat' dir='ltr'><strong>fraudes,</strong></span> <span class='ocrx_word' id='word_1_101' title='bbox 1143 2307 1233 2375; x_wconf 72' lang='lat' dir='ltr'><strong>quas</strong></span> 
     </span>
     <span class='ocr_line' id='line_1_17' title="bbox 238 2391 1233 2483; baseline 0.006 -23"><span class='ocrx_word' id='word_1_102' title='bbox 238 2391 314 2483; x_wconf 82' lang='lat' dir='ltr'><strong>ipse</strong></span> <span class='ocrx_word' id='word_1_103' title='bbox 342 2394 569 2482; x_wconf 86' lang='lat' dir='ltr'><strong>committat,</strong></span> <span class='ocrx_word' id='word_1_104' title='bbox 607 2393 863 2474; x_wconf 80' lang='lat' dir='ltr'><strong>sslecurationi</strong></span> <span class='ocrx_word' id='word_1_105' title='bbox 897 2394 1121 2473; x_wconf 78' lang='lat' dir='ltr'><strong>committere</strong></span> <span class='ocrx_word' id='word_1_106' title='bbox 1155 2420 1233 2482; x_wconf 78' lang='lat' dir='ltr'><strong>non</strong></span> 
     </span>
     <span class='ocr_line' id='line_1_18' title="bbox 236 2504 1232 2595; baseline -0.001 -14"><span class='ocrx_word' id='word_1_107' title='bbox 236 2505 352 2595; x_wconf 74' lang='lat' dir='ltr'><strong>poste,</strong></span> <span class='ocrx_word' id='word_1_108' title='bbox 404 2504 472 2584; x_wconf 81' lang='lat' dir='ltr'><strong>Sed</strong></span> <span class='ocrx_word' id='word_1_109' title='bbox 512 2505 692 2590; x_wconf 79' lang='lat' dir='ltr'><strong>navarcho</strong></span> <span class='ocrx_word' id='word_1_110' title='bbox 732 2507 870 2583; x_wconf 85' lang='lat' dir='ltr'><strong>licitum</strong></span> <span class='ocrx_word' id='word_1_111' title='bbox 901 2516 991 2595; x_wconf 82' lang='lat' dir='ltr'><strong>est,</strong></span> <span class='ocrx_word' id='word_1_112' title='bbox 1037 2517 1232 2588; x_wconf 77' lang='lat' dir='ltr'><strong>nautarum</strong></span> 
     </span>
     <span class='ocr_line' id='line_1_19' title="bbox 237 2615 958 2710; baseline 0.01 -24"><span class='ocrx_word' id='word_1_113' title='bbox 237 2615 452 2687; x_wconf 82' lang='lat' dir='ltr'><strong>barateriam</strong></span> <span class='ocrx_word' id='word_1_114' title='bbox 471 2618 668 2693; x_wconf 73' lang='lat' dir='ltr'><strong>assecurari</strong></span> <span class='ocrx_word' id='word_1_115' title='bbox 696 2619 820 2699; x_wconf 84' lang='lat' dir='ltr'><strong>iubere</strong></span> <span class='ocrx_word' id='word_1_116' title='bbox 844 2617 958 2710; x_wconf 68' lang='lat'><em>(28).</em></span> 
     </span>
    </p>

    <p class='ocr_par' dir='ltr' id='par_1_6' title="bbox 236 2728 1233 2939">
     <span class='ocr_line' id='line_1_20' title="bbox 286 2728 1228 2824; baseline 0.007 -25"><span class='ocrx_word' id='word_1_117' title='bbox 286 2728 478 2820; x_wconf 79' lang='lat' dir='ltr'><strong>Clausala,</strong></span> <span class='ocrx_word' id='word_1_118' title='bbox 492 2755 564 2824; x_wconf 84' lang='lat' dir='ltr'><strong>qua</strong></span> <span class='ocrx_word' id='word_1_119' title='bbox 577 2731 757 2812; x_wconf 74' lang='lat' dir='ltr'><strong>barateris</strong></span> <span class='ocrx_word' id='word_1_120' title='bbox 768 2731 923 2803; x_wconf 84' lang='lat' dir='ltr'><strong>Patroni</strong></span> <span class='ocrx_word' id='word_1_121' title='bbox 930 2729 975 2801; x_wconf 88' lang='lat' dir='ltr'><strong>ab</strong></span> <span class='ocrx_word' id='word_1_122' title='bbox 985 2732 1228 2819; x_wconf 72' lang='lat' dir='ltr'><strong>assecuratore</strong></span> 
     </span>
     <span class='ocr_line' id='line_1_21' title="bbox 236 2843 1233 2939; baseline 0.002 -22"><span class='ocrx_word' id='word_1_123' title='bbox 236 2843 454 2936; x_wconf 78' lang='lat' dir='ltr'><strong>suscipitur,</strong></span> <span class='ocrx_word' id='word_1_124' title='bbox 488 2846 587 2938; x_wconf 91' lang='lat' dir='ltr'><strong>apud</strong></span> <span class='ocrx_word' id='word_1_125' title='bbox 612 2845 738 2927; x_wconf 82' lang='lat' dir='ltr'><strong>Gallos</strong></span> <span class='ocrx_word' id='word_1_126' title='bbox 764 2846 853 2915; x_wconf 85' lang='lat' dir='ltr'><strong>adeo</strong></span> <span class='ocrx_word' id='word_1_127' title='bbox 880 2845 1051 2938; x_wconf 87' lang='lat' dir='ltr'><strong>frequens</strong></span> <span class='ocrx_word' id='word_1_128' title='bbox 1079 2860 1135 2923; x_wconf 82' lang='lat' dir='ltr'><strong>est</strong></span> <span class='ocrx_word' id='word_1_129' title='bbox 1147 2900 1159 2939; x_wconf 94' lang='lat'><strong>,</strong></span> <span class='ocrx_word' id='word_1_130' title='bbox 1191 2864 1233 2936; x_wconf 84' lang='lat' dir='ltr'><strong>ut</strong></span> 
     </span>
    </p>
   </div>
   <div class='ocr_carea' id='block_1_5' title="bbox 232 2957 1344 3053">
    <p class='ocr_par' dir='ltr' id='par_1_7' title="bbox 232 2957 1344 3053">
     <span class='ocr_line' id='line_1_22' title="bbox 232 2957 1344 3053; baseline 0.002 -26"><span class='ocrx_word' id='word_1_131' title='bbox 232 2958 360 3028; x_wconf 84' lang='lat' dir='ltr'><strong>multis</strong></span> <span class='ocrx_word' id='word_1_132' title='bbox 379 2959 419 3027; x_wconf 91' lang='lat' dir='ltr'><strong>in</strong></span> <span class='ocrx_word' id='word_1_133' title='bbox 438 2957 526 3035; x_wconf 84' lang='lat' dir='ltr'><strong>locis</strong></span> <span class='ocrx_word' id='word_1_134' title='bbox 545 2982 580 3030; x_wconf 74' lang='lat' dir='ltr'><strong>r.</strong></span> <span class='ocrx_word' id='word_1_135' title='bbox 604 2984 639 3051; x_wconf 85' lang='lat' dir='ltr'><strong>g.</strong></span> <span class='ocrx_word' id='word_1_136' title='bbox 662 2958 879 3052; x_wconf 77' lang='lat' dir='ltr'><strong>Rotomagi,</strong></span> <span class='ocrx_word' id='word_1_137' title='bbox 901 2958 1104 3053; x_wconf 88' lang='lat' dir='ltr'><strong>Nannetis,</strong></span> <span class='ocrx_word' id='word_1_138' title='bbox 1131 2962 1233 3053; x_wconf 66' lang='lat' dir='ltr'><strong>Bur,-</strong></span> <span class='ocrx_word' id='word_1_139' title='bbox 1340 2981 1344 2988; x_wconf 89' lang='lat'><em>·</em></span> 
     </span>
    </p>
   </div>
   <div class='ocr_carea' id='block_1_6' title="bbox 235 3066 1233 3987">
    <p class='ocr_par' dir='ltr' id='par_1_8' title="bbox 235 3066 1229 3166">
     <span class='ocr_line' id='line_1_23' title="bbox 235 3066 1229 3166; baseline 0.009 -27"><span class='ocrx_word' id='word_1_140' title='bbox 235 3069 414 3162; x_wconf 85' lang='lat' dir='ltr'><strong>deguliis,</strong></span> <span class='ocrx_word' id='word_1_141' title='bbox 451 3071 551 3164; x_wconf 79' lang='lat' dir='ltr'><strong>typis</strong></span> <span class='ocrx_word' id='word_1_142' title='bbox 586 3073 825 3164; x_wconf 74' lang='lat' dir='ltr'><strong>exprimatur·</strong></span> <span class='ocrx_word' id='word_1_143' title='bbox 878 3066 990 3149; x_wconf 82' lang='lat' dir='ltr'><strong>Haec·</strong></span> <span class='ocrx_word' id='word_1_144' title='bbox 1010 3086 1165 3166; x_wconf 66' lang='lat' dir='ltr'><strong>umen,</strong></span> <span class='ocrx_word' id='word_1_145' title='bbox 1202 3079 1229 3163; x_wconf 74' lang='lat' dir='ltr'><strong>fi</strong></span> 
     </span>
    </p>

    <p class='ocr_par' dir='ltr' id='par_1_9' title="bbox 235 3170 1233 3276">
     <span class='ocr_line' id='line_1_24' title="bbox 235 3170 1233 3276; baseline 0.01 -25"><span class='ocrx_word' id='word_1_146' title='bbox 235 3184 333 3272; x_wconf 85' lang='lat' dir='ltr'><strong>typis</strong></span> <span class='ocrx_word' id='word_1_147' title='bbox 355 3187 521 3274; x_wconf 81' lang='lat' dir='ltr'><strong>expressa</strong></span> <span class='ocrx_word' id='word_1_148' title='bbox 537 3196 613 3276; x_wconf 81' lang='lat' dir='ltr'><strong>est,</strong></span> <span class='ocrx_word' id='word_1_149' title='bbox 636 3170 833 3259; x_wconf 83' lang='lat' dir='ltr'><strong>secondum</strong></span> <span class='ocrx_word' id='word_1_150' title='bbox 850 3210 1057 3263; x_wconf 79' lang='lat' dir='ltr'><strong>nunnloonr</strong></span> <span class='ocrx_word' id='word_1_151' title='bbox 1084 3191 1233 3272; x_wconf 53' lang='lat' dir='ltr'><strong>senten,-</strong></span> 
     </span>
    </p>

    <p class='ocr_par' dir='ltr' id='par_1_10' title="bbox 236 3295 1230 3392">
     <span class='ocr_line' id='line_1_25' title="bbox 236 3295 1230 3392; baseline 0.008 -28"><span class='ocrx_word' id='word_1_152' title='bbox 236 3295 325 3364; x_wconf 78' lang='lat' dir='ltr'><strong>tiam</strong></span> <span class='ocrx_word' id='word_1_153' title='bbox 357 3297 454 3388; x_wconf 77' lang='lat'>(29)</span> <span class='ocrx_word' id='word_1_154' title='bbox 497 3322 572 3377; x_wconf 77' lang='lat' dir='ltr'><strong>non</strong></span> <span class='ocrx_word' id='word_1_155' title='bbox 596 3301 759 3379; x_wconf 87' lang='lat' dir='ltr'><strong>continet</strong></span> <span class='ocrx_word' id='word_1_156' title='bbox 781 3300 998 3381; x_wconf 87' lang='lat' dir='ltr'><strong>barateriam</strong></span> <span class='ocrx_word' id='word_1_157' title='bbox 1034 3305 1230 3392; x_wconf 75' lang='lat' dir='ltr'><strong>navarchi,</strong></span> 
     </span>
    </p>

    <p class='ocr_par' dir='ltr' id='par_1_11' title="bbox 237 3409 1231 3612">
     <span class='ocr_line' id='line_1_26' title="bbox 237 3409 1227 3512; baseline 0.014 -31"><span class='ocrx_word' id='word_1_158' title='bbox 237 3428 347 3501; x_wconf 80' lang='lat' dir='ltr'><strong>quem</strong></span> <span class='ocrx_word' id='word_1_159' title='bbox 374 3409 450 3501; x_wconf 84' lang='lat' dir='ltr'><strong>ipse</strong></span> <span class='ocrx_word' id='word_1_160' title='bbox 477 3415 653 3489; x_wconf 82' lang='lat' dir='ltr'><strong>exercitur</strong></span> <span class='ocrx_word' id='word_1_161' title='bbox 687 3417 794 3512; x_wconf 87' lang='lat' dir='ltr'><strong>elegit</strong></span> <span class='ocrx_word' id='word_1_162' title='bbox 822 3429 862 3499; x_wconf 80' lang='lat' dir='ltr'><strong>et</strong></span> <span class='ocrx_word' id='word_1_163' title='bbox 886 3420 972 3501; x_wconf 77' lang='lat' dir='ltr'><strong>nevi</strong></span> <span class='ocrx_word' id='word_1_164' title='bbox 1005 3419 1227 3510; x_wconf 74' lang='lat' dir='ltr'><strong>praeposuit,</strong></span> 
     </span>
     <span class='ocr_line' id='line_1_27' title="bbox 1109 3529 1231 3612; baseline 0.033 -4"><span class='ocrx_word' id='word_1_165' title='bbox 1109 3529 1122 3546; x_wconf 70' lang='lat'><strong>⁴</strong></span> <span class='ocrx_word' id='word_1_166' title='bbox 1173 3530 1231 3612; x_wconf 77' lang='lat' dir='ltr'><strong>Io</strong></span> 
     </span>
    </p>

    <p class='ocr_par' dir='ltr' id='par_1_12' title="bbox 240 3750 710 3827">
     <span class='ocr_line' id='line_1_28' title="bbox 240 3750 710 3827; baseline 0.004 -18"><span class='ocrx_word' id='word_1_167' title='bbox 240 3804 244 3809; x_wconf 93' lang='lat'>.</span> <span class='ocrx_word' id='word_1_168' title='bbox 270 3750 339 3827; x_wconf 70' lang='grc' dir='ltr'>(βό)</span> <span class='ocrx_word' id='word_1_169' title='bbox 356 3765 378 3804; x_wconf 80' lang='lat' dir='ltr'><strong>n</strong></span> <span class='ocrx_word' id='word_1_170' title='bbox 402 3766 511 3808; x_wconf 80' lang='lat' dir='ltr'><strong>vsun·</strong></span> <span class='ocrx_word' id='word_1_171' title='bbox 526 3751 556 3807; x_wconf 86' lang='lat' dir='ltr'><strong>ll.</strong></span> <span class='ocrx_word' id='word_1_172' title='bbox 574 3767 633 3821; x_wconf 70' lang='lat' dir='ltr'><strong>pag.</strong></span> <span class='ocrx_word' id='word_1_173' title='bbox 647 3758 710 3824; x_wconf 63' lang='lat'><strong>432·</strong></span> 
     </span>
    </p>

    <p class='ocr_par' dir='ltr' id='par_1_13' title="bbox 271 3835 667 3987">
     <span class='ocr_line' id='line_1_29' title="bbox 271 3835 667 3904; baseline 0.008 -16"><span class='ocrx_word' id='word_1_174' title='bbox 271 3835 667 3904; x_wconf 56' lang='lat' dir='ltr'><strong>(mimmmm.</strong></span> 
     </span>
     <span class='ocr_line' id='line_1_30' title="bbox 326 3921 341 3987; baseline 0 0"><span class='ocrx_word' id='word_1_175' title='bbox 326 3921 341 3987; x_wconf 91' lang='grc'>)</span> 
     </span>
    </p>
   </div>
   <div class='ocr_carea' id='block_1_7' title="bbox 269 3921 932 4080">
    <p class='ocr_par' dir='ltr' id='par_1_14' title="bbox 269 3921 932 4080">
     <span class='ocr_line' id='line_1_31' title="bbox 271 3921 932 3993; baseline 0.009 -19"><span class='ocrx_word' id='word_1_176' title='bbox 271 3921 322 3989; x_wconf 73' lang='lat'><strong>(28</strong></span> <span class='ocrx_word' id='word_1_177' title='bbox 359 3939 455 3978; x_wconf 75' lang='lat' dir='ltr'><strong>rnen.</strong></span> <span class='ocrx_word' id='word_1_178' title='bbox 474 3922 497 3977; x_wconf 84' lang='lat'><strong>1.</strong></span> <span class='ocrx_word' id='word_1_179' title='bbox 525 3923 576 3977; x_wconf 72' lang='lat' dir='ltr'><strong>cn.</strong></span> <span class='ocrx_word' id='word_1_180' title='bbox 598 3937 641 3978; x_wconf 73' lang='grc' dir='ltr'><strong>ια.</strong></span> <span class='ocrx_word' id='word_1_181' title='bbox 658 3924 727 3979; x_wconf 79' lang='lat' dir='ltr'><strong>Seet.</strong></span> <span class='ocrx_word' id='word_1_182' title='bbox 746 3936 773 3990; x_wconf 83' lang='lat'><strong>3.</strong></span> <span class='ocrx_word' id='word_1_183' title='bbox 792 3938 849 3993; x_wconf 73' lang='lat' dir='ltr'><strong>pag.</strong></span> <span class='ocrx_word' id='word_1_184' title='bbox 869 3936 932 3990; x_wconf 72' lang='lat'><strong>³7¹·</strong></span> 
     </span>
     <span class='ocr_line' id='line_1_32' title="bbox 269 4006 825 4080; baseline 0.009 -22"><span class='ocrx_word' id='word_1_185' title='bbox 269 4006 340 4075; x_wconf 79' lang='lat'><em>(29)</em></span> <span class='ocrx_word' id='word_1_186' title='bbox 366 4006 418 4062; x_wconf 78' lang='lat' dir='ltr'><strong>ct.</strong></span> <span class='ocrx_word' id='word_1_187' title='bbox 441 4021 482 4064; x_wconf 82' lang='lat' dir='ltr'><strong>ss·</strong></span> <span class='ocrx_word' id='word_1_188' title='bbox 503 4007 571 4065; x_wconf 63' lang='grc' dir='ltr'><em>εισι.</em></span> <span class='ocrx_word' id='word_1_189' title='bbox 589 4022 615 4078; x_wconf 78' lang='grc'><strong>3.</strong></span> <span class='ocrx_word' id='word_1_190' title='bbox 641 4025 703 4080; x_wconf 74' lang='lat' dir='ltr'><strong>pag·</strong></span> <span class='ocrx_word' id='word_1_191' title='bbox 722 4012 786 4078; x_wconf 73' lang='lat'><strong>3⁶8»</strong></span> <span class='ocrx_word' id='word_1_192' title='bbox 822 4030 825 4034; x_wconf 47' lang='grc'>“</span> 
     </span>
    </p>
   </div>
   <div class='ocr_carea' id='block_1_8' title="bbox 739 4116 827 4191">
    <p class='ocr_par' dir='ltr' id='par_1_15' title="bbox 739 4116 827 4191">
     <span class='ocr_line' id='line_1_33' title="bbox 739 4116 827 4191; baseline -0.034 -2"><span class='ocrx_word' id='word_1_193' title='bbox 739 4116 827 4191; x_wconf 81' lang='lat'><strong>114</strong></span> 
     </span>
    </p>
   </div>
   <div class='ocr_carea' id='block_1_9' title="bbox 564 4565 938 4771">
    <p class='ocr_par' dir='ltr' id='par_1_16' title="bbox 564 4565 938 4771">
     <span class='ocr_line' id='line_1_34' title="bbox 564 4565 938 4771; baseline 0.048 -49"><span class='ocrx_word' id='word_1_194' title='bbox 564 4565 566 4569; x_wconf 74' lang='grc'><strong>’</strong></span> <span class='ocrx_word' id='word_1_195' title='bbox 665 4609 938 4771; x_wconf 72' lang='lat' dir='ltr'><strong>roseio</strong></span> 
     </span>
    </p>
   </div>
   <div class='ocr_carea' id='block_1_10' title="bbox 0 0 1490 5018">
    <p class='ocr_par' dir='ltr' id='par_1_17' title="bbox 0 0 1490 5018">
     <span class='ocr_line' id='line_1_35' title="bbox 0 0 1490 5018; baseline 0 3"><span class='ocrx_word' id='word_1_196' title='bbox 0 0 1490 5018; x_wconf 95' lang='lat' dir='ltr'><strong> </strong></span> 
     </span>
    </p>
   </div>
  </div>
 </body>
</html>
