2978 5016
228 465 298 555 176
430 457 526 526 uu
580 450 1010 543 curruuuo

228 671 441 761 Paesureur
478 668 594 752 rescit
637 667 664 735 ὰ
703 665 794 734 titre
836 663 1082 733 d’indemnitd
1124 660 1233 736 demi

219 809 327 879 pour
346 795 429 853 cent
452 784 498 852 cle
521 783 562 853 la
573 782 719 873 somme
738 781 905 871 assurde.
941 778 1232 871 Legislatorhoc

227 898 381 968 articulo
416 897 621 966 accuratius
652 895 771 963 dicere
795 893 1002 993 potuisset,
1040 909 1155 964 avaut
1191 898 1231 966 le

226 1014 356 1104 risque
402 1013 639 1099 commeare,
685 1031 793 1100 quam
824 1008 880 1076 uti
915 1030 1015 1077 nunc
1042 1007 1230 1100 legimus,

227 1136 344 1196 avant
377 1125 413 1198 Ie
438 1125 578 1216 depart
605 1123 659 1191 du
691 1123 878 1214 vaisseau.
930 1119 1094 1190 Vidimus
1117 1124 1229 1193 enim

226 1238 267 1308 in
289 1239 357 1308 hac
377 1239 554 1329 temporis
578 1236 847 1328 computatione
871 1233 984 1326 ipsam
1003 1235 1159 1304 carinam
1185 1249 1227 1309 et

226 1338 497 1421 onerun'avium
520 1374 595 1419 non
607 1351 727 1419 eadem
747 1349 833 1442 legis
853 1348 1104 1449 constitutioue
1124 1354 1224 1443 regi.

224 1462 285 1535 De
304 1489 390 1536 vero
411 1475 532 1534 autem
556 1465 668 1534 huius
687 1464 776 1556 legis
796 1463 897 1532 sensu
920 1462 1223 1556 nondubitctur,

222 1588 260 1646 et
281 1579 452 1668 autiquae
474 1579 583 1645 etiam
609 1577 698 1669 legis
728 1578 946 1667 interpretes
972 1579 1222 1670 conveniunt,

148 1725 153 1731 ·
221 1693 329 1759 dictis
351 1690 472 1761 verbis
493 1690 647 1783 periculi
670 1691 816 1760 initium
838 1689 1027 1782 fignificari
1045 1691 1134 1783 (27).
1208 1709 1212 1713 “

266 1800 371 1872 Alios
394 1814 516 1874 tamen
539 1804 689 1874 effectus
713 1805 856 1873 itineris
880 1804 1076 1875 assecurati
1098 1809 1223 1877 omis-

219 1914 270 1985 fio
293 1916 400 1986 habet
412 1969 424 2008 ,
451 1918 756 1988 fiussecuratoris
784 1917 992 2008 periculum
1015 1919 1088 1986 iam
1112 1920 1225 1989 ince-
1301 1950 1305 1956 ·

219 2030 289 2120 pit.
341 2008 553 2100 Praemiuur
582 2032 681 2100 enim
712 2027 924 2122 stipulatum
954 2030 1119 2119 suscepto
1141 2054 1221 2121 pe-

216 2134 338 2210 riculo
367 2142 412 2211 ad
443 2144 723 2213 assecuratorem
745 2144 925 2235 pertinet,
951 2143 1097 2233 eiusque
1119 2145 1216 2214 nul-

216 2253 256 2324 lt
277 2257 395 2326 estad
417 2248 662 2327 a'ssecuramm
690 2257 844 2328 reverfio
873 2257 886 2349 (
898 2257 1081 2350 ristomo)
1104 2256 1214 2330 Aru.

219 2370 307 2437 551.
333 2367 507 2462 Adeoque
530 2370 556 2438 fi
577 2372 803 2441 assecuratus
828 2369 1026 2439 abitinere
1049 2370 1189 2443 defistit
1201 2426 1216 2465 ,

217 2481 306 2550 dum
329 2486 465 2553 merces
488 2486 574 2554 navi
596 2486 862 2575 imponuntur,
888 2485 1125 2555 assecuratori
1146 2511 1216 2559 ac-

216 2594 392 2684 quifitum
413 2609 468 2668 est
478 2599 707 2690 praemium,
735 2623 819 2668 cum
831 2610 1040 2681 contractus
1063 2622 1108 2669 ex
1128 2601 1214 2671 sus-

214 2716 322 2796 cepto
352 2710 521 2798 periculo
558 2710 709 2802 plenum
742 2713 923 2802 receperit
957 2716 1129 2806 vigorem.
1161 2757 1211 2770 --
1250 2778 1258 2789 .
1291 2709 1298 2724 ’

216 2813 396 2902 Quamvis
428 2824 468 2890 in
491 2825 573 2892 iure
595 2826 715 2916 patrio
735 2825 857 2895 eadem
887 2828 1068 2899 valuerint
1095 2832 1216 2920 prin-

213 2929 345 3019 cipia,
381 2930 554 3004 statutum
593 2948 714 3008 tamen
747 2936 1085 3010 Amstaelodamense
1118 2967 1211 3016 cum

211 3041 359 3108 iis-non
378 3041 525 3114 ridetur
548 3052 743 3120 convenire
778 3050 882 3144 (Art.
917 3053 998 3144 25)
1050 3051 1131 3122 Hac
1163 3081 1212 3126 e-

209 3153 289 3221 nim
312 3152 567 3227 constitutione
587 3161 782 3253 damnum,
807 3163 1040 3235 assecuraturi
1065 3169 1221 3242 omisso''

208 3265 342 3334 itinere
369 3265 511 3336 illatum
531 3295 606 3338 uno
627 3297 696 3363 pro
713 3274 742 3344 C
762 3277 1032 3370 compensatur,
1059 3262 1209 3354 [iruer-

210 3400 269 3446 ces
289 3381 490 3450 oneraudce
513 3382 557 3449 ad
579 3393 709 3473 portus
730 3391 958 3482 crepedinem
981 3393 1055 3464 iam
1066 3395 1212 3471 delatae

207 3491 267 3562 vel
287 3489 427 3585 scaphis
451 3495 636 3588 impolitae
658 3501 798 3590 essent,
825 3505 985 3596 adeoque
1005 3520 1207 3602 postquam
1241 3582 1243 3586 ,

206 3606 385 3677 mercium
406 3610 614 3703 periculum
637 3611 840 3706 incepisset.
888 3618 1106 3712 speciminis
1129 3650 1207 3698 au-

1125 3749 1201 3812 tem

235 3881 306 3966 (ty)
332 3917 428 3957 tucn.
446 3908 497 3961 ct.
518 3923 560 3964 rc.
577 3911 646 3968 δια.
663 3925 705 3979 30.
730 3912 743 3983 ς
759 3929 786 3981 4.
805 3939 836 3956 -
853 3930 949 3974 vttlrr
966 3918 999 3974 td
1016 3932 1064 3976 Μ·
1081 3934 1123 3988 37·
1142 3925 1202 3993 ¹⁶3·
1283 3900 1285 3903 Ι

200 3992 254 4035 aut.
273 3991 302 4036 u.
320 3988 365 4041 tit.
382 4004 414 4044 u.
430 4006 528 4050 vucru
544 4011 603 4066 pag.
617 4013 721 4068 470.-
738 3993 785 4059 Cf.
803 4004 884 4059 etiam
903 4003 975 4075 spec.
993 4006 1063 4064 laud.
1075 4019 1201 4079 nrum.
