2970 5018
301 485 991 565 assucURATORIS.
1100 501 1149 594 49

140 760 149 768 .
199 699 246 769 In
268 724 399 793 genere
421 700 532 795 igitur
551 700 766 793 statuimus,
797 702 935 772 nullam
949 727 1004 786 ‚ex
1035 707 1153 777 inter-

149 835 200 884 na
223 816 395 884 mercium
417 823 548 883 natura
568 815 848 906 prohibitionem
877 816 1005 905 deduci
1025 821 1149 910 posle;

150 928 210 998 sed
240 927 446 1015 videamus,
468 924 557 996 nu'm
584 938 753 996 externae
782 929 924 998 caussae
944 953 1069 1023 earnm
1089 955 1153 1001 aa·

149 1039 410 1128 securationem
431 1041 591 1109 illicitam
609 1040 756 1109 reddere
776 1041 925 1132 posfint.
962 1042 1152 1135 Agendum

147 1153 259 1244 igitur
293 1159 309 1248 §
335 1154 497 1246 sequenti
519 1152 563 1220 de
587 1154 847 1223 assecuratione
867 1157 1041 1249 mercium
1060 1177 1153 1225 con·-

43 1262 46 1269 ’
148 1277 205 1336 tro
217 1267 310 1359 leges
329 1267 486 1359 patrias,
512 1265 555 1334 de
579 1267 840 1337 assecuratione
859 1269 1033 1339 mercium
1055 1279 1151 1338 tem·

147 1401 237 1470 pore
254 1378 340 1448 belli
352 1379 545 1451 vetitorum
559 1377 978 1473 (krp‘gscontrabonde),
998 1405 1146 1452 earum-

147 1515 243 1587 que,
271 1516 363 1585 quae
396 1492 443 1564 ad
469 1491 590 1564 hostes
622 1494 818 1586 pertinent.

607 1722 684 1813 §a

228 1940 290 2014 De
312 1945 591 2038 arficuratione
613 1946 797 2014 mercium
819 1957 995 2015 externos
1015 1945 1061 2017 ob

448 2059 601 2150 contusae
616 2059 830 2151 prohibita.

113 2374 116 2384 Ι
193 2280 232 2352 si
270 2283 423 2356 civitatis
447 2285 594 2385 ⁸legibus
632 2289 803 2359 mercium
844 2286 1053 2380 importatio
1087 2285 1145 2356 vel

145 2398 350 2485 exportatio
376 2409 545 2489 vetatur,
583 2402 702 2470 nullas
734 2404 808 2471 esse
833 2411 935 2492 patet
957 2400 1145 2467 assecura-

144 2508 287 2595 tiones,
315 2531 405 2599 quae
437 2511 477 2581 in
504 2508 584 2604 ipsa
599 2515 667 2583 hae
702 2515 845 2586 civitate
872 2509 1144 2578 contrahuntur

144 2633 273 2691 eontra
294 2623 456 2713 pericula
468 2676 480 2713 ,
506 2650 551 2696 ex
582 2651 625 2696 ea
653 2627 771 2718 legum
789 2622 1034 2715 prohibitione
1063 2622 1142 2714 ori-

144 2735 253 2808 undn.
294 2727 402 2804 Tale's
425 2739 703 2809 asseourationes
722 2735 965 2822 admittendo,
995 2733 1059 2802 fibi
1081 2735 1141 2826 ip·

146 2849 201 2917 lae
235 2850 329 2942 leges
371 2850 497 2933 essent
512 2853 739 2938 contrariae3
776 2849 985 2941 fraudisque
1005 2849 1142 2918 auxilia

143 2960 238 3051 ipsae
269 2961 473 3054 praebuisse
504 2965 743 3052 viderentur,
780 2964 946 3032 concessa
977 2963 1141 3051 ratione,
1203 2958 1206 2965 ’

142 3097 217 3164 qua
236 3077 333 3147 irriti
358 3090 509 3154 conatus
532 3080 663 3148 damna
694 3080 808 3151 averti
831 3078 987 3168 possent.
1033 3075 1071 3146 V
1070 3076 1142 3142 alet

142 3186 254 3275 igitur
273 3191 371 3278 apud
402 3217 525 3264 omnes
552 3194 712 3264 civitates
740 3193 890 3286 regula,
916 3191 1141 3259 assecurato-

95 3290 99 3295 ’
141 3297 193 3365 ris
226 3297 502 3396 obligationem,
540 3307 674 3377 etiamfi
705 3307 871 3376 latisfime
900 3305 1138 3387 extendatur,
1223 3312 1225 3317 ’

68 3438 74 3447 “
140 3409 275 3482 versari
303 3435 378 3481 non
401 3422 502 3504 posse
536 3424 575 3491 in
598 3423 792 3494 avertendo
826 3445 950 3503 rerum
980 3419 1136 3501 damno,

139 3545 297 3612 quarum
315 3533 568 3603 oommereiurn
589 3559 634 3604 ex
654 3537 732 3606 eius
755 3533 908 3608 civitatis
928 3528 1064 3619 legibus
1077 3525 1140 3590 in-

139 3636 332 3712 terdictum
355 3650 410 3708 est
431 3641 512 3733 (9).
1059 3631 1139 3705 Ta·
1210 3730 1214 3737 ι

173 3816 226 3885 (9)
255 3835 354 3875 nunu.
380 3823 401 3874 Ι.
425 3821 476 3874 ct.
499 3823 525 3874 8.
548 3820 615 3874 Sect.
634 3833 659 3884 5.
687 3822 702 3888 ς
729 3834 753 3875 1.
776 3850 809 3871 ι-
833 3833 933 3881 runt,
958 3820 984 3872 A
1000 3821 1095 3886 Systm
1113 3818 1146 3874 οὗ

138 3907 241 3976 narina
258 3907 413 3970 Inferiore,
429 3920 487 3974 pag.
499 3921 558 3971 2⁵0·
577 3935 610 3949 -
625 3921 807 3972 uantum,
827 3908 859 3962 B.
879 3919 905 3961 1.
925 3905 975 3974 Ch.
992 3919 1064 3973 3.-
1087 3919 1138 3966 nt·

140 4001 260 4054 necne,
278 3991 302 4048 Ι.
322 3993 390 4062 cap.
408 4006 441 4056 1,
462 3994 543 4071 sect..
555 4005 580 4046 1.
600 4006 659 4053 nae·
680 4006 724 4057 27.

600 4092 680 4162 E5
