2970 5018
426 431 1113 537 nasccnaaronrs.
1201 445 1273 522 ἠε

274 662 320 721 lto
338 648 459 720 celatis
470 652 525 719 rei
550 650 687 719 indiciis
701 701 712 739 ‚
727 651 852 743 sponte
864 653 1055 744 sequatur,
1070 667 1267 740 utcontra-3

276 765 439 835 hentium
469 766 658 834 consensus
683 766 722 833 in
747 767 866 834 eadem
891 790 934 836 re
957 772 1032 838 non'
1054 776 1268 866 conveniat,

275 868 375 970 patet
392 879 529 948 nullam
548 880 621 946 esse
646 880 971 975 assecurationem,
1006 885 1138 954 etiamfi
1166 887 1271 956 dam-
1383 932 1392 961 r

273 1015 365 1062 num
399 995 556 1063 caussam
587 1017 664 1060 non
687 990 876 1081 habuerit,
913 1019 1022 1085 quam
1046 1001 1271 1070 assecuratua

146 1127 150 1132 ·
271 1107 459 1178 celaverat.
515 1156 542 1197 „
556 1105 816 1196 Καφαραθ’
836 1107 887 1175 ita
909 1109 1040 1179 dicitur
1067 1114 1107 1182 in
1127 1115 1270 1183 oratio4

268 1243 316 1290 ne
340 1223 384 1292 ad
408 1224 506 1292 hunc
534 1222 655 1288 locum
684 1217 805 1287 habita
842 1272 868 1310 ‚,
882 1246 908 1289 a
927 1224 961 1290 le
979 1226 1084 1294 droit
1109 1229 1155 1295 de
1176 1247 1268 1296 con-

266 1337 395 1405 nciitre
420 1347 522 1407 tonte
552 1334 737 1402 l'etendue
767 1335 819 1403 da
855 1336 981 1428 risque
1011 1339 1101 1407 dont
1133 1363 1180 1408 on
1208 1340 1268 1410 lui

258 1469 426 1543 propoee
447 1453 493 1519 de
516 1471 555 1514 oe
580 1448 764 1541 charge'r:
789 1449 847 1517 lui
868 1451 1266 1547 dissimularquelque

267 1564 547 1647 ermanarico,
582 1561 647 1654 qui
669 1563 858 1652 ponrroit
896 1563 1062 1656 changer
1098 1567 1133 1633 le
1161 1568 1266 1662 sajet

266 1678 313 1743 de
331 1698 370 1742 ce
395 1675 520 1767 risque
544 1692 592 1742 ou
622 1697 668 1741 en
691 1676 880 1744 diminuet·
903 1675 1104 1767 l'opinion,
1130 1703 1169 1747 ce
1191 1683 1264 1773 se-

264 1789 345 1857 rait
377 1789 434 1856 lui
447 1789 556 1880 faire
586 1801 791 1881 supporter
814 1790 880 1856 dee
904 1790 1059 1858 chancer
1071 1842 1083 1880 ,
1111 1792 1202 1860 dont
1231 1794 1265 1863 il

259 1925 306 1971 ne
335 1903 479 1973 conlata
502 1906 697 1994 peutatre,
711 1925 786 1994 pao
807 1926 845 1970 ee
867 1901 1054 1996 charger,
1089 1927 1137 1972 ou
1168 1907 1260 1974 dont

259 2016 293 2083 il
318 2039 363 2083 ne
390 2039 429 2083 ce
459 2015 681 2107 chargerait
692 2066 704 2105 ‚
740 2015 828 2109 qu'ci
852 2017 917 2084 dea
951 2016 1157 2087 conditione
1177 2021 1260 2111 dis*
1355 2049 1358 2059 ·

246 2130 445 2221 serentea''
475 2127 581 2222 (45).

306 2243 394 2313 Iura
417 2241 549 2334 ‘patria
580 2241 781 2333 generalem
818 2242 911 2310 hanc
944 2247 1022 2312 arti.
1059 2245 1132 2314 548
1165 2269 1258 2313 con-

256 2355 475 2425 stitutionem
510 2380 587 2425 non
624 2355 866 2425 continebant.
908 2357 1012 2425 ·Cum
1047 2379 1134 2429 vero
1167 2342 1255 2429 haec
1360 2404 1364 2413 r

254 2468 379 2558 regula
411 2493 455 2538 ex
480 2471 556 2560 ipla
599 2461 869 2539 assecurationis
906 2482 1039 2538 natura
1067 2469 1253 2562 profluat,

252 2605 320 2670 ea,
347 2581 430 2649 licet
466 2582 585 2653 verbis
620 2607 695 2652 non
728 2585 917 2674 expressa,
954 2583 994 2648 in
1026 2583 1107 2648 iure
1130 2586 1252 2672 patrio

251 2707 371 2769 tamen
397 2720 511 2788 aeque
533 2698 683 2768 valuisse
715 2697 888 2784 censenda
921 2704 986 2763 est.
1040 2694 1251 2795 Speciminis

249 2810 385 2879 laudati
418 2821 583 2880 auctores
616 2810 903 2880 constitutionem
945 2807 1098 2877 Codicis·
1117 2809 1250 2882 Gallici

249 2921 390 3018 Belgica
414 2925 669 3014 reddiderunt,
702 2945 816 3016 eaque
840 2921 943 2994 Art⁰.
969 2925 1036 2994 551
1077 2928 1248 3019 compre·

246 3037 354 3109 hensa
376 3049 440 3112 est.
1050 3068 1054 3077 ’

697 3090 717 3264 3
743 3163 777 3238 a

267 3371 331 3446 'De
355 3376 718 3471 assecurationibuo‚
740 3392 829 3471 post
852 3381 912 3448 rei
939 3379 1137 3451 interitum
1158 3375 1219 3450 vel

264 3516 267 3525 ·
376 3490 532 3582 felicem
559 3496 616 3562 rei
648 3500 850 3578 adventum
879 3494 1093 3563 contractia.

288 3715 401 3806 Quod
423 3717 535 3811 igitur
565 3717 815 3786 contrahentes
840 3739 882 3784 ea
899 3718 994 3784 inter
1017 3714 1051 3781 se
1069 3734 1237 3786 commu.

236 3833 384 3923 ⁴niceni,
411 3856 503 3927 quae
537 3832 583 3903 ad
606 3827 759 3924 periculi
788 3828 1026 3921 cognitionem
1058 3826 1134 3920 lege
1170 3852 1261 3897 res

262 3998 266 4003 .
1169 3967 1232 4014 ul*

270 4055 341 4128 (45)
358 4058 460 4130 Expost
475 4062 518 4116 des
533 4061 622 4137 nottss
634 4065 688 4127 par
701 4071 738 4111 u.
756 4069 936 4120 convrrro,
951 4051 1042 4112 adut.
1060 4055 1122 4122 ³4⁸·
1145 3965 1169 4038 q
