2970 5018
253 505 305 582 88·
380 568 386 581 .
469 508 565 580 DE
614 507 1045 625 PERICpLo

251 727 394 791 tantum
428 722 630 813 susceperit.
683 721 775 789 Cum
802 745 888 794 vero
918 721 1141 789 assecuratus
1172 741 1250 786 rem

251 832 352 903 suam
380 834 502 903 itineri
536 835 759 905 commissam
776 835 946 921 omnibus
965 833 1135 925 periculis
1156 831 1250 902 libe·
1273 831 1278 845 '

250 969 330 1018 ram
358 948 430 1017 esse
460 947 604 1038 cupiat,
634 948 846 1017 assecuratio
875 949 980 1016 etiam
992 998 1003 1037 ,
1033 944 1099 1015 nili
1120 945 1251 1013 condi-

250 1059 350 1128 tione
379 1056 636 1150 restringatur,
662 1061 790 1129 omnia'
807 1061 955 1128 omnino
973 1058 1134 1151 pericula
1155 1082 1248 1126 con-

206 1264 208 1269 ,
249 1171 352 1240 tinet.
415 1170 482 1240 Sed
520 1172 574 1240 rai
614 1181 745 1241 natura
785 1173 905 1243 itidem
935 1172 1061 1260 docet,
1103 1171 1247 1240 assecu-

248 1278 427 1353 rationem
470 1306 513 1351 ea
551 1307 626 1352 non
668 1307 796 1357 cavere
825 1288 981 1375 damna,
1014 1310 1103 1378 quae
1134 1284 1245 1375 ipsius

246 1396 439 1466 assecurati
473 1396 686 1488 negligentia
722 1398 779 1469 v‘el
818 1398 1008 1469 fraudibus
1048 1400 1242 1486 oriuntur,

247 1511 307 1580 vel
336 1532 485 1597 eorum,
523 1511 586 1600 qui
620 1532 667 1579 ox
696 1511 773 1579 eius
805 1514 974 1583 mandato
1004 1523 1141 1604 agunt,
1173 1533 1243 1580 ne-

246 1645 317 1715 que
369 1645 437 1710 ea,
492 1645 584 1713 quae
630 1646 675 1692 ex
713 1625 858 1694 interna
897 1627 961 1695 rei
988 1623 1243 1718 depravatione

213 1735 433 1828 proficisse
463 1735 729 1806 existimantur.
775 1757 818 1819 ,⁸
866 1780 871 1792 .
903 1787 906 1794 ,
952 1809 955 1816 ,

294 1847 558 1939 Plerarumque
600 1851 762 1942 gentium
798 1836 892 1942 leges
904 1899 916 1938 ‚
934 1841 939 1849 ’
957 1828 1088 1918 statuta
1132 1848 1241 1917 etiam

244 1961 363 2052 patria
407 1971 443 2028 et
486 1960 620 2031 laudati
650 1964 851 2055 speciminis
895 1961 1100 2030 constitutio
1140 1962 1239 2027 asse-

166 2113 168 2123 ·
243 2073 423 2143 curationi
453 2096 531 2172 eam
556 2075 731 2155 dederunt
759 2077 1005 2164 latitudinem,
1043 2095 1147 2164 quam
1184 2074 1239 2142 rei

241 2197 375 2257 natura
402 2187 662 2278 praescripsisse
693 2190 846 2260 ridetur.
900 2188 988 2259 Aliis
1010 2197 1130 2256 tamen
1151 2185 1236 2275 legi·

241 2300 333 2390 bns,
364 2324 400 2372 v.
429 2324 483 2392 gr.
513 2299 682 2391 Gallicis,
715 2286 930 2395 negligentia
959 2298 1234 2393 atque-fraudes

240 2415 412 2487 navarchi
442 2426 478 2483 et
509 2424 703 2483 nautarum
731 2418 808 2507 ipso
824 2419 919 2486 -iure
944 2417 990 2484 ad
1010 2415 1234 2485 assecurato-

240 2527 293 2596 ris
327 2529 491 2620 pericula
525 2552 600 2599 non
625 2527 860 2613 reseruntur3
888 2530 1025 2619 quippe
1050 2527 1115 2618 qui
1139 2510 1241 2618 quo-'

239 2631 426 2709 dammodo
460 2641 583 2712 saltem
619 2665 663 2710 ex
698 2641 890 2709 assecurati
926 2641 1092 2709 mandato
1128 2659 1233 2729 agera

239 2752 429 2826 videantur
464 2754 478 2847 s
488 2757 510 2823 5
523 2756 550 2848 )
616 2755 685 2825 Sed
719 2755 838 2823 addita
874 2753 1103 2838 conditione,
1145 2751 1232 2818 haec

241 2889 394 2958 quoque·
409 2867 571 2956 pericula
595 2869 830 2939 assecuratori
853 2866 994 2960 imponi
1015 2862 1117 2955 posse
1129 2910 1141 2949 ‚
1167 2862 1231 2952 ip·

154 2990 156 2997 ’
239 2980 295 3049 sae
318 2978 413 3069 leges
437 2977 666 3050 confirmant.
734 3014 736 3027 ·

288 3091 368 3161 Lex
400 3088 540 3160 Gallica
553 3142 574 3181 ,,
602 3105 794 3187 postquam
831 3089 1011 3161 notissima
1034 3109 1229 3155 enumera-
1280 3132 1281 3138 κ
1363 3130 1365 3135 ,

236 3201 291 3273 vit
325 3203 506 3303 pericula,
543 3201 742 3293 quaecum
765 3203 912 3294 abipso
938 3201 1053 3289 mari,
1078 3209 1158 3268 tum
1181 3197 1227 3268 ab

236 3315 317 3386 aliis
347 3315 477 3385 caussis
509 3317 735 3408 procedunt,
769 3316 913 3386 tandem
936 3314 1094 3406 generali
1116 3337 1229 3406 regu-

197 3459 202 3468 ·
235 3429 273 3499 la
305 3430 540 3500 assecuratori
569 3431 691 3499 omnia
714 3429 869 3519 imponit
892 3427 1001 3496 maris
1026 3427 1228 3497 infortunia

236 3543 330 3638 (art.
361 3544 480 3641 ¹550).
539 3543 641 3613 Haec
678 3553 799 3647 autem
832 3541 952 3610 omnia
987 3542 1228 3632 comprehen-

233 3655 328 3727 dunt
352 3650 508 3749 damna,
534 3681 627 3753 quae
651 3657 734 3727 casu
757 3655 910 3726 fortuito
935 3655 1138 3747 peripsam
1155 3677 1226 3722 na-

233 3757 460 3861 vigationem
486 3773 667 3861 existunt,
705 3769 862 3861 exceptio
897 3778 1016 3837 tamen
1041 3768 1106 3855 iia,
1134 3787 1225 3856 quac

142 3891 145 3897 ’
235 3882 417 3952 navarcho
454 3883 513 3956 vel
544 3885 664 3953 nautis
697 3881 909 3976 imputanda
931 3881 1014 3950 sunt
1039 3878 1121 3974 (4).
1156 3875 1225 3949 Sed

270 4083 681 4155 (3)emea.l.cl.12.Se'ce
711 4103 735 4143 a.
757 4089 814 4158 §a
1183 4013 1224 4063 m

268 4172 320 4242 (4)
339 4184 433 4230 ertia.
451 4171 474 4230 1.
493 4173 546 4232 cll.
563 4188 605 4230 η.
622 4189 743 4243 prooem.
754 4187 815 4242 pag.
830 4184 891 4242 359.
