2970 5018
354 413 1062 514 'Assncuarroam-
1150 439 1230 520 'me

235 651 418 725 liseatione
436 616 662 745 detinetur,
701 674 836 722 meroes
878 664 1003 725 autem·
1028 655 1094 724 hac
1126 680 1230 728 mora

237 775 550 855 corrumpuntur,
577 749 749 834 damnum
771 765 861 834 illud
890 791 935 836 ex
959 768 1035 860 iple
1055 766 1230 838 confisca-
1305 820 1307 825 ,
1353 794 1357 804 ·

237 881 335 948 tione
364 877 547 969 profluere
584 877 872 948 existimandum.
911 878 993 948 ·Sed
1023 880 1128 972 longe
1159 880 1229 950 alia

238 986 296 1063 res
316 1001 390 1080 est,
418 991 444 1059 li
466 1002 616 1061 externa
638 991 702 1059 illa
722 1001 831 1080 atque
850 974 1005 1063 fortuita
1031 994 1153 1062 caussa
1184 993 1230 1062 ad
1315 988 1317 998 '

238 1105 517 1175 assecuratorem
539 1103 668 1192 referri
688 1126 762 1171 non
784 1114 924 1196 potest,
951 1105 1008 1176 vel
1028 1107 1105 1174 eius
1126 1106 1231 1197 peri-

240 1218 321 1287 culo
342 1228 491 1308 excepta
512 1227 578 1285 est.
630 1214 739 1284 Tunc
760 1218 857 1285 enim
888 1218 990 1288 nulla
1024 1227 1078 1286 est
1109 1216 1232 1286 damni

240 1330 454 1401 resarciendi
482 1331 600 1418 ratio,
638 1353 719 1398 cum
749 1326 903 1400 oeslante
933 1333 1055 1402 caussa
1082 1329 1232 1399 effeetus

241 1445 388 1514 cessent.
439 1442 527 1532 Sic,
562 1442 589 1511 fi
620 1444 724 1515 navis
756 1457 989 1525 oneratorum
1018 1444 1232 1536 negligentia
1329 1505 1332 1510 .

242 1557 299 1649 yel
319 1567 512 1629 ventorum
535 1555 666 1628 reflatu
687 1578 805 1627 moras
832 1561 968 1648 nectit,
1004 1570 1041 1628 et
1062 1557 1146 1627 inde
1171 1554 1233 1629 v'i-

244 1695 334 1739 num
354 1670 439 1738 navi
456 1669 659 1761 impofitum
678 1668 832 1760 arescit,
858 1673 1029 1741 damnum
1052 1671 1141 1741 illud
1169 1693 1232 1739 as-

246 1783 454 1852 lbcuratoris
476 1807 551 1852 non
574 1795 652 1873 est,
684 1809 766 1854 eum
789 1787 887 1855 hand
913 1765 1119 1879 promiserit
1131 1834 1143 1871 ,
1169 1784 1235 1853 iti-

230 1897 341 1996 neris
357 1897 500 1966 cursum
526 1899 730 1988 expeditum
745 1968 747 1972 ,
762 1911 798 1969 et
830 1899 940 1969 nullis
971 1896 1233 1990 impedimentis

244 2009 463 2079 obstructum
486 2007 576 2079 fore.
627 2009 726 2080 Idem
749 2012 909 2099 obtinet,
944 2004 1234 2080 liasseearatio-

244 2146 292 2211 ne
310 2123 472 2215 pericula
495 2123 667 2214 quaedam
681 2136 831 2217 excepta
851 2126 957 2214 lunt,
983 2149 1019 2197 v.
1041 2149 1094 2218 gr.
1109 2174 1121 2214 ,
1135 2121 1233 2217 qued
1297 2175 1299 2178 ι

246 2234 326 2306 fieri
341 2238 427 2306 solet
439 2287 451 2327 ,
476 2238 663 2328 pericula,
691 2258 783 2332 quae
810 2238 855 2309 ab
883 2238 1045 2308 hostibus
1064 2248 1234 2306 metuun-

245 2359 319 2418 tur.
355 2348 407 2441 =Si
421 2343 548 2445 ²igitur
574 2353 676 2423 navis
699 2352 757 2422 iis
787 2353 999 2440 detinetur,
1034 2360 1071 2419 et
1099 2347 1232 2417 meroes

246 2461 313 2529 hac
338 2482 439 2533 mora
462 2477 772 2557 corrumpuntur,
805 2467 908 2536 nulla
933 2465 1054 2534 damni
1080 2461 1235 2537 restitit-2¹

204 2603 206 2606 ⁴
248 2560 345 2645 tione
367 2576 626 2661 assecuratores
645 2591 830 2651 tenentur.
1210 2570 1213 2575 ⁴

294 2687 364 2758 Sed
385 2711 485 2786 age„
500 2691 702 2784 videamus,
731 2695 818 2787 quid
839 2693 879 2762 in
901 2691 981 2758 iure
1004 2687 1144 2756 Gallico
1166 2688 1234 2756 hae
1272 2680 1274 2687 ’

246 2801 290 2872 de
319 2825 359 2872 re
374 2896 377 2901 .
392 2803 622 2876 constitutum
650 2809 708 2880 vel
732 2816 918 2898 receptum
948 2794 1002 2871 fitL
1025 2840 1070 2856 ·-
1094 2799 1234 2870 Codicis

248 2915 449 2986 constitutio
480 2918 604 3012 (Art0.
628 2921 754 3015 552),
789 2942 881 3013 quae
912 2940 992 2987 cum
1022 2911 1108 3009 le'gis
1134 2915 1232 2986 Lud.

234 3026 353 3101 aru.
396 3051 456 3124 29,
485 3034 675 3125 convenit,
716 3035 875 3127 regulam
900 3030 1099 3125 generalem
1128 3024 1235 3101 exhi-

246 3138 331 3230 bet,
362 3167 434 3234 qua
467 3149 587 3224 omnia
620 3148 771 3235 damna,
796 3172 841 3217 ex
859 3146 969 3239 iplius
988 3144 1041 3215 rei
1059 3144 1147 3216 vitio
1168 3165 1236 3212 or·

167 3336 171 3345 .
247 3264 310 3354 ta,
339 3258 500 3346 periculo
533 3263 788 3332 assecuratoris
816 3245 893 3332 non
913 3259 1068 3330 subiecta
1087 3258 1159 3326 esse
1175 3252 1237 3331 did¹

248 3363 512 3452 uuntur.1.Sed
541 3372 720 3464 legislator
751 3372 879 3446 Gallus
906 3374 1001 3443 hano
1030 3371 1143 3461 legem
1165 3366 1248 3440 alia.

210 3476 213 3483 ’
248 3481 497 3555 constitutione
526 3483 778 3583 confirmavit„
811 3488 917 3558 Iuslit
943 3478 1115 3555 nimirum
1135 3500 1237 3546 mer·
1354 3566 1359 3582 Ι

230 3588 333 3689 ees,
356 3609 489 3694 natura
524 3595 585 3665 sue
612 3601 838 3687 corruptioni
867 3597 1063 3680 obnoxias,
1093 3592 1235 3682 polizza

248 3712 433 3807 designari.
456 3708 561 3803 (Art.
584 3708 695 3800 555).
747 3690 855 3796 Quod
892 3709 918 3776 fi
948 3706 1146 3796 neglexerit
1167 3726 1233 3771 as·-

247 3828 429 3897 leeuratus
442 3875 463 3915 ,n
488 3822 737 3894 fraudulenter
768 3822 876 3912 egisse
907 3818 1155 3906 existimatur,
1178 3813 1236 3888 nis

247 3939 275 4011 fi
317 3939 488 4013 mercium
524 3939 610 4012 neri
651 3935 897 4030 impolitarum
921 3941 1102 4027 naturam
1138 3939 1236 4004 ῐοιιι··Ι

1161 4065 1235 4137 po·-¹
