2970 5018
265 511 267 516 ·
357 457 1051 573 rsououamoulzs.
1156 503 1230 579 aas

605 705 772 829 iga.

300 937 363 1009 Da
392 933 542 1004 damnis
555 982 571 1022 ,‚
599 954 699 1024 quar
726 953 773 1001 ex
799 930 893 1003 vitio
918 934 1101 1006 mercium
1129 945 1169 1005 et
1226 996 1232 1009 ,

345 1048 554 1142 intrinseca
576 1067 711 1114 earum
729 1055 877 1115 natura
891 1047 1112 1139 profluunt.
1139 1120 1142 1126 ,

237 1328 240 1335 .
286 1277 327 1347 si
349 1298 408 1347 rea
432 1273 606 1367 quaedam
630 1271 829 1341 assecurata
848 1272 1062 1345 detrimenta
1076 1285 1231 1366 experte

237 1402 316 1481 est,
343 1387 659 1480 distinguendum,
686 1395 809 1454 utrum
835 1409 878 1456 ea
897 1385 1050 1457 fortuito
1068 1388 1234 1461 accidant

238 1515 275 1574 et
303 1515 487 1574 externam
520 1499 676 1569 habeant
706 1499 914 1591 originem,
948 1523 1038 1570 num
1068 1525 1155 1575 vero
1187 1525 1235 1578 ex

238 1618 314 1709 ipsa
333 1617 387 1684 rei
407 1624 540 1683 natura
559 1623 667 1705 atque
687 1613 890 1711 conditione
913 1614 1112 1704 profluant.
1159 1615 1235 1688 Pa

239 1729 356 1799 ricula
384 1731 481 1797 enim
510 1750 573 1816 aa,
601 1749 694 1818 qnae
721 1750 768 1795 ex
790 1727 941 1811 itinere,
963 1751 1039 1799 non
1068 1752 1161 1821 quae
1188 1752 1235 1808 ex

238 1843 315 1935 ipsa
337 1851 623 1930 renascuntur,
656 1841 704 1908 ad
731 1838 1007 1935 assecuratorem
1032 1844 1232 1934 pontuert·

239 1955 296 2026 sio
318 1978 354 2033 v.
373 1980 428 2049 gr.
450 1954 533 2025 stin
553 1955 705 2043 itinere,
733 1953 832 2046 quod
848 1953 998 2024 feliciter
1017 1957 1232 2048 peragitur,

238 2088 350 2164 grane
377 2094 400 2138 a
434 2067 735 2147 curculionibus,
761 2067 860 2159 ligna
882 2091 905 2137 a
930 2069 1110 2159 teredine,
1136 2093 1236 2161 pan·

239 2187 280 2253 ni
301 2206 323 2252 a
347 2184 479 2271 tineis,
516 2203 642 2250 carnes
665 2204 688 2249 a
718 2181 868 2252 thermis
899 2182 957 2253 vel
986 2183 1076 2253 aliae
1099 2206 1236 2259 merces

180 2331 182 2335 ⁴
239 2320 263 2365 a
283 2295 450 2367 muribus
475 2295 535 2368 rel
564 2295 668 2364 bellis
696 2295 963 2384 corroduntur,
990 2299 1164 2369 damnum
1185 2297 1237 2369 il-

238 2408 304 2476 lud
322 2407 368 2477 ab
388 2410 630 2477 assecuratore
658 2429 741 2476 non·
760 2408 988 2498 restituitur,
1024 2409 1083 2479 sed
1104 2409 1145 2480 in
1171 2409 1236 2500 ip*

240 2523 318 2592 lutn
341 2512 466 2591 incidit
483 2520 737 2593 assecuratum.
850 2613 853 2618 ⁴

289 2635 442 2707 Caussae
463 2644 583 2706 autem
611 2622 695 2705 illae
716 2643 886 2707 externae
904 2646 1017 2726 atque
1039 2633 1235 2724 fortuitae,

242 2773 335 2844 quae
353 2739 525 2818 damnum
546 2749 684 2818 inferre
702 2749 855 2841 possunt
878 2749 953 2836 rei,
979 2748 1144 2819 internae
1168 2748 1236 2817 de-
1280 2777 1282 2782 >
1317 2782 1322 2789 >
1382 2816 1390 2825 ,

242 2863 457 2957 pravationi
477 2860 679 2951 obnoxiae,
704 2861 762 2933 vel
781 2884 844 2930 eae
864 2862 947 2931 sunt
968 2913 980 2951 ,
1008 2885 1100 2953 quae
1120 2861 1159 2933 vi
1175 2861 1238 2936 sua

241 2977 413 3047 damnum
438 2975 641 3066 important
653 3023 664 3062 ‚
690 2996 726 3044 v.
749 2973 828 3043 c.fi
855 2974 1065 3067 adspergine
1097 2991 1235 3051 merore
1342 3026 1345 3031 -

239 3099 532 3182 corrumpuntur
568 3087 625 3160 rel
661 3088 763 3160 narie
793 3087 983 3180 naufragio
1014 3089 1140 3180 perit3
1179 3088 1237 3167 rel

240 3226 326 3291 eae,
352 3202 548 3294 exquibus
570 3201 716 3271 interna
741 3201 794 3270 rei
817 3200 1025 3295 depravatio
1047 3201 1234 3294 procedit,

244 3339 281 3386 u.
315 3339 370 3406 gr.
404 3315 577 3384 diuturna
604 3303 707 3387 mora
719 3367 731 3407 ,
759 3339 865 3408 quam
896 3316 999 3388 narie
1028 3312 1235 3393 confiscatio
1317 3367 1319 3372 ·
1446 3320 1449 3325 ’

242 3436 308 3498 aut
328 3426 528 3496 necessaria·
546 3428 693 3499 refectio
711 3431 848 3502 attulit.
901 3427 970 3501 Sed
989 3431 1029 3499 in
1052 3428 1237 3520 plerisque
1357 3455 1368 3473 ⁴

242 3540 380 3647 casibus
398 3538 506 3608 facile
535 3562 609 3607 non
639 3553 725 3630 est,
764 3568 806 3613 ea
837 3542 992 3628 damna,
1033 3552 1125 3630 quae
1157 3537 1236 3627 rei,
1362 3568 1367 3585 ·

243 3653 472 3746 corruptioni
488 3651 662 3723 obnoxiae
673 3701 688 3749 ,Ι
700 3653 843 3723 aliunde
854 3654 1051 3743 importata
1062 3650 1169 3739 sunt,
1191 3649 1237 3718 ab
1279 3697 1281 3701 v

188 3826 192 3833 s
242 3774 287 3843 iis
307 3771 515 3855 secernere,
543 3786 634 3856 quae
657 3763 821 3832 internae
851 3764 1100 3854 depravationi
1126 3762 1238 3834 tribui

243 3884 406 3980 possunt.
456 3881 583 3971 anue
606 3875 797 3946 difficultas
826 3875 894 3946 hoc
926 3870 1045 3944 etiam
1062 3888 1236 3970 augetur,

247 3998 343 4093 quod
367 3997 508 4067 caussae
533 4005 703 4073 externae
719 3991 989 4087 pernicioliores
1010 3991 1082 4067 esse
1103 3991 1245 4093 soleant

1196 4130 1241 4174 ut
