2970 5018
318 454 1029 588 nssnc'uunrours„
1101 493 1150 565 oa

153 706 326 774 securatio
356 707 456 774 nauli
486 729 611 775 earum
641 702 841 789 mercium,
878 723 971 792 quae
1001 701 1042 776 in
1064 704 1150 776 navi

152 808 235 887 sunt
248 869 259 905 ,
285 818 492 908 videamus,
521 828 697 908 quatenus
730 813 927 904 prohibitio
958 838 1000 882 ea
1020 826 1150 885 exten-

151 932 267 1001 denda
278 931 332 1001 fit.
383 932 427 1001 In
450 932 536 1022 legis
552 940 673 999 autem
696 928 992 1018 interpretatione
1012 928 1145 999 verba:

74 1075 77 1081 ·
151 1046 187 1113 le
200 1047 287 1138 fret
317 1047 383 1112 des
403 1042 686 1133 merobaudisec
709 1041 955 1128 existantecd
979 1040 1074 1110 bord
1094 1043 1147 1111 du

152 1159 283 1247 navire
318 1158 370 1226 ita
398 1158 569 1227 videntur
586 1153 839 1246 intelligenda,
858 1154 1053 1227 uttant'um
1063 1177 1147 1226 mo-

152 1273 197 1338 do
219 1271 420 1339 faciendum
447 1267 599 1338 naulum
633 1268 688 1359 (le
706 1269 790 1359 fret
816 1267 842 1336 ὰ
859 1262 1016 1360 faire),
1042 1291 1147 1338 com-

33 1442 36 1449 .
150 1385 387 1476 prehendant.
437 1381 496 1449 Ex
517 1381 562 1448 iis
582 1381 699 1468 enim,
726 1404 817 1470 quae
840 1380 949 1448 huius
971 1380 1058 1472 legis
1085 1380 1144 1450 fe·-

150 1497 282 1564 rendae
302 1494 482 1562 occasione
497 1493 678 1584 disputata
699 1493 805 1580 suut,
831 1492 967 1584 liquido
986 1493 1142 1586 onustat,

109 1631 113 1640 ’
149 1609 236 1698 legis
259 1606 537 1697 prohibitionem
561 1605 732 1697 acquifito
753 1604 863 1672 naulo
884 1608 1050 1695 nonense
1072 1632 1144 1701 ap-

150 1720 349 1811 plicandam
373 1720 475 1812 (50).
514 1719 581 1787 Sed
601 1742 728 1808 magna
745 1719 803 1785 hic
827 1725 986 1808 quaestio
998 1721 1116 1790 oritur
1128 1771 1141 1810 ,

149 1833 296 1904 diversis
309 1834 523 1924 scriptorum
536 1832 718 1901 sententiis
728 1830 956 1898 celeberrima
970 1880 981 1919 ,
996 1835 1142 1924 quando

148 1946 296 2015 naulum
330 1929 557 2041 acquisttnm
591 1945 660 2013 dici
690 1943 810 2035 possit.
844 1981 893 1995 ·-
936 1944 1141 2038 Equidem,

146 2084 241 2145 cum¹
259 2060 298 2129 in
320 2060 388 2130 hoc
409 2058 617 2150 labyrintho
639 2057 902 2126 immorandum
927 2057 993 2147 fit,
1019 2063 1154 2150 primo.

144 2189 323 2265 exponam
355 2193 531 2263 quaenam
562 2167 828 2262 fignificationes
851 2169 1021 2262 acquifito
1042 2196 1141 2241 nan-.
1268 2228 1273 2236 .

143 2285 180 2352 lo
206 2283 328 2352 subiici
351 2284 487 2375 posfint
499 2332 511 2372 ‚
538 2283 620 2350 dein
640 2305 729 2353 vero
750 2282 890 2351 Codicis
919 2283 1032 2374 legem
1054 2308 1139 2355 cum

144 2396 187 2463 iis
210 2399 249 2465 in
275 2395 542 2464 consonantiam
567 2397 724 2488 redigere
748 2396 921 2465 conabor.
1008 2452 1011 2458 .
1059 2448 1060 2455 1

191 2507 352 2577 Nauium
370 2508 480 2599 igitur
498 2496 636 2601 triplici
668 2508 918 2603 significatione
946 2509 1138 2580 exercitori

140 2623 352 2714 acquifitum
386 2623 456 2691 diei
481 2624 568 2692 mihi
596 2624 697 2715 posse
720 2623 875 2693 videtur.
901 2658 951 2672 -
984 2622 1108 2692 Prima
1120 2618 1146 2714 ‚‘
1198 2701 1200 2705 ,
1325 2700 1328 2705 ,

140 2759 249 2826 cum,
275 2737 403 2805 itinere
434 2736 479 2804 ad
511 2735 620 2804 finem
649 2735 846 2826 perducto,
884 2756 1017 2802 merces
1049 2737 1136 2809 navi

138 2859 351 2921 exoneratae
384 2859 420 2918 et
453 2848 492 2916 in
511 2846 612 2915 urbis
635 2846 859 2937 crepedinem
872 2845 1007 2917 delatae
1027 2849 1133 2938 sunt3

136 2988 210 3056 quo
235 2965 342 3053 casu,
369 2986 451 3032 cum
480 2961 590 3030 maris
618 2959 781 3050 periculo
814 2984 889 3029 non
914 2963 982 3044 tint
1010 2960 1133 3033 subie-

137 3087 249 3164 ctae,
286 3074 506 3146 asiecurator
540 3071 707 3164 stipulato
746 3075 907 3163 praemio
927 3075 1133 3145 -exercitori

121 3195 263 3258 ¹cavere
282 3199 401 3277 potest
413 3240 437 3280 „
451 3198 678 3257 oneratorem
709 3186 877 3258 solvendo
909 3213 985 3258 non
1008 3190 1131 3280 impa-

136 3321 212 3366 rem
231 3298 331 3390 fore,
357 3303 415 3370 sed
440 3301 692 3371 assecurationi
712 3312 840 3370 contra
863 3302 963 3388 casua
985 3301 1131 3381 maritis

136 3432 214 3478 mos
237 3409 337 3476 locus
366 3436 440 3482 non
466 3425 531 3482 est.
557 3450 607 3466 -·-
630 3397 756 3507 Altera
780 3397 1032 3505 dignificatione
1064 3435 1130 3479 ae-
1162 3421 1167 3434 ‘
1222 3407 1224 3411 ’

137 3522 306 3615 quifitum
329 3521 460 3589 dicitur
472 3551 494 3610 ‚·
519 3525 545 3592 fi
574 3529 828 3596 contrahentes
851 3533 1126 3614 convenerunt,

135 3657 356 3730 quocunque
395 3655 520 3703 rerum
546 3624 690 3705 'eventu
732 3636 882 3703 naulum
916 3634 1127 3706 solvendum

129 3752 228 3842 ,esse,
253 3771 368 3843 eoque
399 3748 486 3817 vcasu
514 3745 636 3815 eadem
664 3746 901 3840 assecuratio,
929 3771 1020 3840 quae
1042 3749 1126 3820 casu

1042 3885 1126 3956 pri-

165 3992 232 4062 (30)
258 3994 375 4062 noent,
399 3993 431 4050 od
446 3993 475 4050 h.
500 4007 548 4049 ert.
569 3990 709 4059 pac-116.

593 4075 695 4148 ΡΞ·
