2970 5018
383 422 1049 540 assnounrronm
1159 478 1232 564 ιρι·

238 662 298 762 Β,
322 670 413 746 illud
437 673 591 746 voluisse
620 677 817 749 censendus
847 691 924 770 est,
950 691 1016 769 ut,
1037 690 1231 772 postquam

238 789 343 861 navis
362 788 409 863 ad
428 789 590 880 primum
605 788 726 862 locum
746 792 781 863 A
805 795 958 887 appulsa
980 793 1045 884 fit,
1072 817 1143 886 pro
1169 819 1234 864 re·-

240 926 323 975 rum
355 902 560 972 conditione
591 902 867 997 decerneretur,
900 929 991 977 num
1019 929 1155 976 merces
1182 907 1235 978 ibi

240 1017 300 1089 rel
321 1017 360 1087 in
382 1016 453 1086 alio
481 1017 562 1085 loco
588 1029 892 1090 exonerarentur.
946 1016 1022 1090 Ab*
1039 1014 1238 1092 assecurati

192 1175 194 1179 -
240 1131 352 1224 igitur
371 1128 554 1224 propolito
577 1131 686 1223 plane
708 1132 854 1203 aberrat
866 1184 879 1224 ,
905 1135 969 1226 qui
992 1135 1234 1226 navigationis

241 1245 404 1339 periculo
432 1242 717 1319 assecurotorem⁴
740 1247 888 1316 liberari
919 1247 1064 1337 statuit,
1089 1246 1234 1317 fimulac'

242 1361 347 1432 nevis
357 1359 518 1451 primurn
530 1359 648 1428 locum
660 1361 830 1453 attigerit.
857 1357 1091 1431 Aesecuratue
1109 1363 1232 1453 enim,

243 1496 327 1542 eum
347 1473 398 1538 ita
423 1469 679 1561 stipulamur,
713 1472 758 1541 de
786 1473 971 1564 commodo
1003 1471 1235 1543 exonerato-²

244 1587 301 1655 nis
322 1586 401 1652 loco
423 1585 594 1677 cogitasse.
623 1586 817 1655 censendus
843 1597 919 1674 est,
945 1586 1105 1678 adeoque
1134 1587 1238 1679 peri·-

246 1684 368 1765 culum
389 1696 441 1765 ibi
462 1698 650 1767 terminari
679 1698 808 1787 debet,
842 1697 906 1768 ubi
935 1721 1070 1767 merces
1099 1722 1236 1768 exone-

245 1833 328 1880 rare
360 1810 498 1903 incipit.
549 1809 812 1881 Aesecuratoris
840 1811 951 1903 igitur
970 1811 1173 1903 periculum
1191 1810 1238 1881 ad

247 1923 440 1995 secundum
465 1907 585 1995 locum
611 1925 752 2015 pergit,
789 1922 970 1992 limercee
999 1922 1057 1993 vel
1089 1922 1237 1993 omnino

240 2018 303 2108 ¹vel
321 2061 389 2129 pro
407 2048 511 2131 perte
530 2041 614 2108 navi
634 2061 710 2106 non
734 2039 815 2106 lunt
837 2047 1062 2106 exoneratae.

294 2151 469 2240 Quamvis
488 2152 575 2220 haec
595 2151 773 2220 clausulae
804 2148 1009 2245 fignificafio
1040 2151 1117 2220 istis
1147 2167 1236 2221 ver-¹

244 2264 300 2334 bis
318 2291 393 2335 non
412 2278 578 2337 accurate
596 2265 800 2356 indicetur,
838 2289 881 2336 ea
903 2276 1024 2334 tamen
1044 2261 1239 2333 assecurati

242 2379 428 2471 propolito
445 2380 639 2468 convenit,
664 2389 701 2449 et
717 2381 785 2451 ulu
810 2391 919 2472 atque
936 2377 1073 2470 legibus
1092 2387 1237 2466 recepte

242 2499 299 2559 eet
322 2491 428 2582 (49).
481 2490 581 2578 Quid
602 2492 698 2560 enim
727 2493 930 2562 assecurato
949 2488 1113 2581 proficit,
1136 2489 1235 2557 hune

242 2603 302 2679 rel
320 2604 423 2672 illurn
447 2606 710 2674 exonerationie
726 2605 848 2675 locum
865 2627 888 2674 a
906 2605 940 2673 le
950 2602 1031 2694 eligi
1042 2600 1165 2692 posse,
1178 2603 1235 2671 ni·

240 2715 268 2787 fi
287 2719 446 2809 experiri
466 2716 608 2808 posfit,
633 2718 780 2812 quinam
798 2716 919 2808 aptior
940 2715 983 2784 fit
999 2724 1108 2806 atque
1138 2737 1236 2782 com·

239 2829 409 2901 medior?
434 2828 528 2898 Cum
551 2850 641 2900 vero
665 2814 859 2898 illudente
881 2826 1141 2920 profectionem
1167 2842 1236 2895 σοι·

239 2943 449 3034 gnorisset,
487 2943 627 3011 necesse
663 2963 740 3010 non
770 2952 880 3029 eret,
914 2950 956 3008 ut
971 2931 1235 3023 destinationis

238 3057 365 3131 electio
386 3058 554 3148 expressa
582 3054 741 3125 clausula
769 3053 963 3123 assecureti
993 3034 1143 3122 arbitrio
1169 3046 1242 3148 ref

239 3167 480 3258 linqueretur.
505 3209 555 3255 7-
582 3169 772 3239 Interdum
801 3179 920 3239 autem
954 3167 1167 3238 assecuratio
1188 3152 1236 3237 ad

239 3292 390 3374 portum
419 3280 452 3349 A
477 3282 537 3363 vel
556 3277 588 3349 B
608 3284 858 3372 contrahitur,
882 3283 969 3374 quia
988 3290 1151 3371 tempore
1169 3301 1232 3346 ae-

241 3392 470 3485 lecurationis
490 3393 668 3463 incertum
680 3407 784 3488 erat,
808 3421 899 3467 num
918 3395 1055 3464 licitum
1076 3392 1140 3478 fit,
1162 3413 1232 3459 na-

240 3531 321 3589 ¹uem
354 3506 460 3576 hunc.
482 3504 620 3575 intrare
647 3513 822 3600 portum,
853 3492 1027 3601 quorsum
1054 3502 1232 3571 destinate

1186 3639 1230 3684 e-

270 3850 341 3921 (49)
359 3864 496 3906 nearent
515 3849 560 3912 11,
578 3859 639 3917 pag.
656 3849 717 3917 426.
740 3847 790 3903 eff
812 3845 869 3900 Tit.
885 3844 923 3897 V.
939 3855 988 3896 err.
1006 3839 1228 3907 rolegtallarnb.

236 3932 272 3995 dc
283 3935 344 3992 Ass.
361 3949 389 3989 er
401 3947 448 3988 ut.
463 3935 529 4005 Μ
548 3947 573 3998 7.
593 3934 661 4001 legia
677 3930 806 3984 sardicae
820 3927 892 3998 apud
911 3938 1043 3983 rentem
1060 3925 1187 3980 laudatae.

702 4030 784 4102 02
