2970 5018
354 537 380 584 1
548 496 1160 576 rurnonocrro

357 720 546 790 debuerint
594 714 864 784 assecurationis
920 714 1005 782 fata.
1077 715 1355 806 Antiquisfimae

357 838 474 920 enim,
504 854 594 923 quae
625 832 662 896 in
688 829 763 895 istis
788 828 991 917 regionibus
1024 828 1066 895 de
1092 832 1355 899 assecuratione

359 951 452 1039 leges
495 944 704 1035 supersunt,
754 965 850 1008 anno
896 942 988 1010 1455
1036 943 1238 1014 Barcinone
1271 947 1355 1014 sunt

360 1062 547 1143 conditae,
583 1079 711 1145 easque
743 1055 906 1144 proxime
936 1055 1231 1126 Florentinorum
1260 1060 1354 1150 leges

264 1172 268 1185 '
360 1179 586 1264 sequuntur,
612 1192 708 1236 anno
737 1171 829 1236 1525
856 1169 1113 1258 promulgatae.
1165 1173 1268 1240 Licet
1288 1195 1355 1242 ve-

323 1326 326 1331 ,
362 1287 517 1375 releges
551 1282 658 1349 fuisse
684 1281 874 1350 videantur
905 1282 948 1348 iis
977 1283 1197 1372 antiquiores
1257 1288 1302 1353 25
1315 1288 1352 1373 l,

361 1397 630 1469 assecurationis
654 1395 826 1485 originem
854 1402 891 1460 in
916 1407 1115 1463 commento
1136 1398 1222 1490 legis
1245 1398 1353 1467 Wis-

360 1510 510 1582 bicenfis
555 1510 641 1577 adeo
684 1509 911 1576 remotiorem
958 1509 1276 1602 deprehendimus,
1314 1523 1357 1582 ut

363 1625 464 1695 Italis
495 1625 571 1692 eius
604 1622 849 1692 inventionem
874 1622 1067 1689 concedere
1103 1648 1178 1691 non
1210 1624 1354 1714 posfim.

363 1737 502 1808 Merito
533 1737 628 1804 enim
660 1736 785 1802 mirari
813 1735 916 1823 licet,
944 1737 1071 1802 necin
1096 1736 1256 1826 legibus,
1290 1738 1356 1805 n'ec

364 1853 410 1920 ab
446 1851 615 1921 historiae
647 1847 880 1940 scriptoribus
913 1849 989 1916 eius
1029 1850 1247 1918 mentionem
1284 1855 1357 1921 esse

364 1966 519 2051 factam,
572 1987 653 2030 cum
695 1961 876 2031 inferioris
922 1959 1094 2049 Europae
1124 1962 1255 2051 populi
1290 1965 1358 2032 hoc

365 2089 529 2166 tempore
559 2078 686 2144 ceteris
717 2075 881 2166 gentibus
911 2074 1098 2142 literarum
1119 2073 1232 2165 gloria
1252 2077 1358 2169 longe

365 2190 635 2284 praecellerent.
687 2187 810 2276 Quid,
837 2189 862 2256 fi
884 2188 1049 2279 stipulata
1069 2188 1131 2256 illa
1150 2192 1291 2278 cantic,
1314 2193 1358 2261 de

365 2328 440 2397 qua
471 2303 510 2371 in
542 2304 627 2394 legis
661 2299 891 2383 Wisbicenfis
927 2303 1167 2370 additamento
1199 2304 1356 2394 dicitur,

364 2417 411 2488 ab
442 2414 541 2486 Italis
562 2418 649 2485 esset
673 2414 889 2504 derivanda,
911 2439 1034 2483 nonne
1054 2441 1136 2484 eum
1151 2417 1227 2508 ipsa
1246 2442 1286 2488 re
1304 2422 1357 2488 rei

365 2553 497 2601 nomen
520 2528 750 2602 invaluisset?

412 2643 695 2714 Assecurationis
736 2642 846 2733 igitur
889 2640 1016 2731 initia,
1061 2669 1152 2736 quae
1192 2647 1356 2715 futuram

364 2757 421 2826 rei
455 2757 727 2851 amplitudinem
764 2765 859 2824 certe
892 2779 967 2825 non
1002 2758 1228 2846 indicarunt,
1254 2759 1360 2827 frus·-

365 2881 425 2937 tra
459 2867 498 2934 in
534 2868 703 2938 historiae
732 2870 789 2942 vel
822 2869 941 2960 legum
965 2870 1206 2938 monumentis
1232 2873 1359 2959 quaeri

366 2981 547 3051 videntur.
595 2979 671 3048 .Sin
705 2993 824 3050 autem
848 2984 887 3050 in
912 2993 1013 3052 tanta
1037 3005 1167 3063 rerum·
1184 2982 1357 3073 caligine,

315 3084 319 3092 ’
366 3117 409 3162 ea
441 3083 646 3185 arripienda
681 3095 853 3178 sententia
889 3106 966 3183 est,
1004 3118 1096 3185 quae
1131 3097 1360 3166 coniecturae

366 3205 617 3300 probabilitate
650 3208 802 3275 maxime
839 3209 992 3296 nititur,
1018 3208 1137 3300 Belgis
1160 3212 1248 3279 mihi
1272 3213 1357 3280 vin-

367 3319 479 3388 dicari
498 3319 601 3387 liceat
620 3321 789 3390 inventae
808 3320 1078 3390 assecurationis
1098 3323 1222 3414 gloria.
1250 3323 1357 3392 Hanc

366 3432 597 3521 sententiam,
624 3456 696 3524 qua
719 3433 842 3503 iuveni
866 3434 1022 3503 modeste
1046 3460 1068 3505 a
1087 3440 1250 3508 virorum
1270 3462 1356 3532 gra·

364 3545 591 3632 Jisfimorum
611 3545 826 3622 auctoritate
846 3548 1079 3624 recedendum
1099 3553 1261 3644 ridetur,
1287 3576 1356 3619 ne-

1297 3690 1368 3740 me,

335 3982 337 3989 ν
399 3953 736 4029 (23)1auacm,lltnl.
762 3956 873 4016 ibidem.
922 4002 926 4014 .
