2970 5018
418 501 1033 583 INTRODssUC'PIO.
1192 535 1238 588 rx

286 711 358 783 His
385 724 506 784 autem
535 715 704 790 'Wisbiee
734 717 870 812 legibus
909 718 1075 812 plerique
1107 732 1237 791 aucto·
1343 701 1351 717 ’

155 860 157 865 ·
239 850 297 896 res
339 827 613 902 assecurationis
640 832 787 922 vestigia
816 831 996 901 contineri
1032 833 1238 906 existimant

241 942 365 1034 (19)·-
394 939 561 1016 Articulo
600 945 698 1015 anim
730 944 776 1033 67
811 944 855 1012 de
883 946 1051 1014 cautione
1076 945 1235 1036 dicitur,

240 1079 311 1148 pro
333 1058 421 1128 nati
441 1055 609 1149 stipulatu
621 1107 633 1146 ,
661 1066 698 1124 et
720 1053 785 1125 sub
816 1058 884 1128 hoc
912 1058 1089 1128 cautionis
1112 1058 1237 1127 nomi-
1286 1040 1289 1046 ¹

242 1193 288 1239 ne
310 1170 583 1241 assecurationis
603 1169 706 1239 initia
723 1168 834 1238 latere
852 1180 984 1261 putant
1013 1171 1083 1262 (ao
1095 1171 1124 1263 ).
1162 1169 1238 1243 Alii

241 1296 362 1355 tamen
392 1284 521 1354 merito
552 1283 747 1374 suspectam
770 1281 904 1355 habent
931 1283 1039 1353 huius
1061 1283 1239 1354 constitu·

189 1397 196 1406 ’
241 1399 351 1469 tionis
382 1383 667 1489 antiquitatem,
701 1419 849 1488 eamque
878 1398 1020 1466 serioris
1061 1400 1139 1470 aevi
1167 1398 1237 1466 ad-

207 1548 211 1560 ·
240 1510 478 1581 ditumentum
498 1511 571 1579 esse
594 1511 827 1580 contendunt.
861 1511 930 1580 Sed
952 1511 1115 1603 quamvis
1135 1534 1237 1580 corn-

132 1672 137 1685 ,
242 1612 405 1693 mentitis
423 1619 585 1697 habenda
614 1622 681 1712 fit,
702 1635 797 1693 certe
819 1634 942 1695 tamen
972 1625 1237 1716 antiquissimas

243 1748 298 1806 est
326 1737 494 1830 originis,
518 1761 600 1805 cum
623 1738 742 1806 codice
764 1737 893 1806 saeculi
916 1736 1015 1826 XV,
1045 1760 1117 1830 quo
1141 1759 1236 1835 vuu-

178 1895 183 1898 -
242 1849 369 1921 »runos
401 1852 485 1919 usus
516 1861 592 1937 est,
618 1851 688 1918 iam
714 1852 942 1920 contineatur
967 1848 1074 1941 (21).

290 1963 466 2052 Quamvis
497 1965 607 2057 igitur
646 1964 917 2035 assecurationis
948 1960 1051 2034 initia
1080 1965 1119 2041 in
1150 1966 1235 2057 sep-
1354 2038 1357 2048 ,

240 2077 519 2152 tentrionalibuo
545 2079 756 2170 regionibus
780 2088 981 2173 appareant
992 2102 1034 2147 eo
1046 2089 1231 2170 tempore,

242 2219 314 2285 quo
334 2196 615 2267 nullomearum
635 2192 855 2262 mentionem
877 2192 1235 2284 deprehendamusin

239 2307 388 2378 historia
412 2308 469 2379 vel
487 2306 623 2399 legibus
646 2305 869 2398 populorum
892 2305 986 2377 muri
1004 2303 1235 2404 Mediterra-

238 2444 308 2489 neo
331 2421 594 2509 adiacentium,
619 2432 783 2491 auctores
803 2431 925 2491 tamen
948 2419 997 2489 ab
1019 2417 1120 2487 Italis
1136 2418 1236 2486 asse-

237 2533 460 2604 curationem
489 2545 651 2624 repetere
680 2535 794 2604 solent
831 2536 939 2627 (aa).
993 2531 1100 2598 Hanc
1130 2530 1237 2598 dein··¹

237 2648 282 2715 de
321 2646 368 2718 ad
403 2645 588 2736 Hispanos
633 2648 837 2740 pervenisse
859 2656 897 2715 et
921 2642 967 2711 ab
988 2642 1032 2710 iis
1051 2642 1091 2712 in
1114 2645 1234 2734 patri-

207 2785 295 2830 -am
333 2771 522 2848 nostram,
561 2762 601 2831 in
641 2761 823 2848 Galliam,
870 2744 1030 2849 aliusque
1069 2759 1234 2850 regiones

236 2875 408 2967 migrasse·
424 2875 659 2947 contendunt.
710 2873 801 2962 Sed,
821 2871 985 2966 quamvis
1003 2871 1071 2941 hec
1093 2872 1239 2941 rationu¹

236 2989 417 3079 permulta
444 3013 568 3061 rerum
589 2987 857 3058 utilissimarum
880 2986 1027 3059 inventa
1049 3008 1239 3077 propuga-·

237 3112 275 3170 tc
308 3100 397 3189 sint,
434 3104 657 3196 consequens
692 3125 767 3172 non
798 3111 853 3172 cst
865 3150 878 3192 ,
911 3110 954 3171 ut
996 3099 1118 3170 eadem
1157 3100 1239 3168 esse·

185 3221 189 3227 ’
1167 3212 1236 3281 de-

260 3407 341 3475 ,(19)
359 3423 457 3464 surr·
488 3414 561 3472 Pref.
586 3429 645 3485 pag.
675 3428 717 3475 ια.
752 3428 864 3478 orout,
885 3410 915 3467 ll.
933 3409 947 3483 ς
964 3422 998 3476 ς,
1016 3421 1077 3477 prr.
1094 3419 1159 3476 453·

255 3491 341 3561 ¹(ao)
359 3494 389 3546 ln
408 3493 524 3548 editione
538 3496 625 3563 serum
644 3501 846 3564 Wisbicenssum
858 3509 1027 3552 avuuwsro
1043 3506 1134 3546 nostro
1144 3500 1232 3544 curata

237 3579 365 3651 micula}
383 3578 492 3645 &672
515 3592 593 3644 quem
624 3574 867 3639 »asseruerim
886 3580 1035 3643 nuncupat.
1072 3579 1238 3629 Ennaton·-

237 3678 295 3721 »ωε
318 3676 366 3715 art.
392 3660 483 3727 laudat
506 3662 561 3725 66,
592 3667 756 3730 azuu163‚
782 3677 903 3732 quamvls
930 3659 1040 3716 eandem
1065 3656 1234 3710 constitutio·

227 3760 296 3800 -nem
315 3733 467 3809 resptctatc

272 3831 341 3897 (ct)
355 3841 500 3894 vunan,
519 3829 681 3884 Nedersandr
696 3829 847 3899 Zeermen.
881 3826 1025 3882 Voorredco
1035 3859 1045 3890 ,
1057 3839 1116 3895 pag.
1134 3824 1181 3880 lx.

271 3914 339 4003 (ec)
359 3928 515 3981 aruceus,
533 3914 612 3969 Esus.
627 3928 688 3985 pag.
707 3917 743 3971 X.
795 3964 799 3971 .
915 3966 918 3971 .

697 4084 733 4167 Δ
757 4084 782 4156 5
