2970 5018
240 513 310 568 roo
453 489 550 565 DE
598 491 1030 566 PERICULO

170 751 174 757 ·
237 706 292 777 Ita
314 706 410 777 enim
422 705 504 773 iura
523 705 774 774 assecuratoris
792 716 828 774 et
840 704 1034 775 assecurati
1053 704 1092 774 in
1104 703 1228 777 circu-

237 811 316 890 lum
327 821 420 891 verti
432 819 616 888 contendit
628 869 638 906 ,
651 829 760 910 atque
769 822 857 888 adeo
869 820 1091 888 assecurator
1111 821 1156 889 ab
1167 824 1231 912 ip-

239 935 276 1004 so
295 916 492 1001 exercitore
513 930 714 1000 assecurato
732 933 902 1001 damnum
923 943 1086 1024 repetere
1099 935 1228 1023 posset.

239 1046 333 1134 Sed,
361 1045 457 1136 quod
476 1066 710 1114 nnnn1conus
723 1046 901 1116 clausulae
924 1046 1022 1136 typis
1044 1046 1230 1136 expressae

209 1172 212 1179 '
239 1160 414 1251 denegat,
439 1156 529 1225 illud
561 1157 627 1249 ipfi
658 1160 854 1248 concesfit,
882 1159 907 1227 [i
930 1158 1042 1226 literis
1071 1159 1232 1250 polizzae

154 1274 158 1283 ’
240 1273 416 1363 adscripta
453 1271 553 1338 esset.
606 1269 698 1338 Cum
730 1295 816 1341 vero
855 1272 965 1341 huius
993 1270 1232 1340 distinctionis

238 1386 361 1455 caussa
377 1384 466 1452 mihi
482 1405 558 1451 non
576 1383 658 1451 satis
679 1386 870 1477 perspicua
883 1385 925 1453 fit
939 1394 997 1470 ‚et
1017 1384 1126 1456 verba
1138 1408 1232 1454 ean-

239 1500 318 1568 dem
330 1496 486 1565 habeant
499 1493 787 1586 fignificationem
801 1498 870 1570 five
882 1499 980 1589 typis
998 1497 1067 1570 five
1089 1499 1229 1589 scriptis
1249 1552 1253 1559 .

238 1613 523 1703 exprimantur,
558 1634 632 1679 una
678 1635 822 1702 quoque
860 1612 1053 1703 eademque
1090 1613 1228 1682 ratione

236 1727 325 1796 haec
345 1724 503 1793 clausula
523 1723 627 1792 nobis
652 1725 924 1816 interpretanda
955 1726 1109 1797 videtur.
1148 1725 1229 1794 Hac

234 1839 346 1930 igitur
379 1837 538 1907 clausula
572 1840 743 1910 nauarchi
787 1838 999 1906 barateriam
1048 1841 1228 1908 contineri

233 1951 432 2038 existimo,
470 1952 605 2037 etiamst
644 1953 719 2044 ipsa
761 1953 938 2021 exercitor
969 1952 1073 2020 illum
1108 1952 1227 2044 elege-
1292 1973 1297 1983 ’

233 2066 295 2135 rit.
346 2065 442 2134 Illud
460 2066 555 2133 enim
573 2064 652 2133 fieri
669 2067 770 2156 posse
788 2085 1022 2134 nnnmcouns
1043 2063 1224 2156 affirmat,

233 2189 344 2270 atque
367 2178 414 2247 fio
432 2178 653 2247 assecurator
678 2181 751 2247 iuri
782 2172 1004 2249 renuntiasse
1031 2179 1227 2247 censendus

234 2303 311 2380 est,
339 2313 413 2383 quo
437 2301 590 2382 propter
613 2293 785 2363 navarchi
807 2293 895 2365 vitia
921 2293 1112 2362 exercitori
1134 2293 1228 2362 acti-
1292 2330 1295 2337 ,

233 2428 341 2475 onem
361 2403 547 2472 intendere
569 2403 699 2494 posset.

284 2517 395 2610 Apud
418 2527 596 2587 nostrates
618 2517 822 2608 antiquitus
852 2520 1015 2611 nequitia
1044 2531 1081 2591 et
1110 2516 1227 2612 negli-

234 2632 355 2725 gentia
387 2641 461 2699 tam
498 2632 694 2719 navarchi,
731 2654 838 2722 quam
871 2645 1091 2724 nautarum,
1130 2634 1228 2702 asse-

234 2743 421 2813 curatione
450 2743 730 2814 continebantur
748 2744 856 2838 (50).
883 2745 1080 2840 Progresfu
1106 2756 1227 2813 autem

235 2855 411 2944 temporis
432 2854 525 2944 leges
548 2858 642 2928 latae
665 2860 778 2948 sunt,
815 2858 945 2951 quibus
971 2857 1145 2951 generalis
1164 2854 1228 2924 illa

234 2966 360 3060 regula
380 2967 543 3035 restricta
565 2980 674 3060 atquc
699 2971 880 3041 moderata
908 2980 974 3038 est.
1026 2967 1228 3038 Amitaelo-

233 3080 330 3152 darni
350 3079 533 3147 mercium
552 3083 814 3153 assecuratione
837 3082 1009 3151 navarchi
1033 3093 1070 3150 et
1094 3094 1229 3151 nauta-

235 3219 320 3269 rum
348 3191 492 3262 fraudes
535 3200 644 3284 atque
682 3195 895 3288 negligentia
934 3195 1226 3264 continebantur.

236 3308 326 3398 Sed,
353 3305 379 3376 fi
400 3306 508 3378 navis
526 3307 818 3393 assecurarctnr,
838 3305 984 3376 fraudes
1004 3332 1027 3376 a
1046 3311 1227 3380 navarcho

234 3421 439 3495 commissae
460 3420 505 3489 ab
532 3421 794 3490 asseomatione
821 3422 1049 3510 exsulabant,
1063 3424 1163 3503 ,adeo
1184 3434 1228 3495 ut

234 3535 408 3611 navarchi
439 3542 581 3604 tantum
609 3535 844 3627 negligentia,
882 3548 1078 3607 nautarum
1107 3547 1227 3606 autem

233 3663 271 3724 et
293 3650 508 3748 negligentia
533 3659 571 3720 et
592 3648 738 3722 fraudes
768 3650 1023 3723 assecurationi
1054 3649 1227 3722 committi

1154 3784 1228 3877 9⁰?

269 4005 339 4078 (³0)
363 4020 404 4062 os
423 4021 544 4073 nacor,
559 4008 615 4065 lut.
632 4008 687 4065 111.
702 4021 747 4078 η.
774 4009 835 4077 §⁸-
881 4004 884 4008 ’
