<?xml version="1.0" encoding="UTF-8"?>
<!DOCTYPE html PUBLIC "-//W3C//DTD XHTML 1.0 Transitional//EN"
    "http://www.w3.org/TR/xhtml1/DTD/xhtml1-transitional.dtd">
<html xmlns="http://www.w3.org/1999/xhtml" xml:lang="en" lang="en">
 <head>
  <title>
</title>
<meta http-equiv="Content-Type" content="text/html;charset=utf-8" />
  <meta name='ocr-system' content='tesseract 3.04.00' />
  <meta name='ocr-capabilities' content='ocr_page ocr_carea ocr_par ocr_line ocrx_word'/>
</head>
<body>
  <div class='ocr_page' id='page_1' title='image "./depericuloquoda00backgoog_0095.png"; bbox 0 0 2970 5018; ppageno 0'>
   <div class='ocr_carea' id='block_1_1' title="bbox 340 456 1118 570">
    <p class='ocr_par' dir='ltr' id='par_1_1' title="bbox 340 456 1118 570">
     <span class='ocr_line' id='line_1_1' title="bbox 340 456 1118 570; baseline -0.021 0"><span class='ocrx_word' id='word_1_1' title='bbox 340 500 387 570; x_wconf 79' lang='lat'><strong>54</strong></span> <span class='ocrx_word' id='word_1_2' title='bbox 546 456 1118 561; x_wconf 70' lang='lat' dir='ltr'><strong>ouiumouuo</strong></span> 
     </span>
    </p>
   </div>
   <div class='ocr_carea' id='block_1_2' title="bbox 257 693 1336 2022">
    <p class='ocr_par' dir='ltr' id='par_1_2' title="bbox 338 693 1332 1136">
     <span class='ocr_line' id='line_1_2' title="bbox 338 693 1330 796; baseline -0.009 -19"><span class='ocrx_word' id='word_1_3' title='bbox 338 699 430 777; x_wconf 68' lang='lat' dir='ltr'><strong>tiu&#39;in</strong></span> <span class='ocrx_word' id='word_1_4' title='bbox 448 703 638 796; x_wconf 77' lang='lat' dir='ltr'><strong>principiis</strong></span> <span class='ocrx_word' id='word_1_5' title='bbox 657 701 839 769; x_wconf 80' lang='lat' dir='ltr'><strong>contrario</strong></span> <span class='ocrx_word' id='word_1_6' title='bbox 860 700 953 768; x_wconf 84' lang='lat' dir='ltr'><strong>sunt.</strong></span> <span class='ocrx_word' id='word_1_7' title='bbox 1009 693 1159 789; x_wconf 80' lang='lat' dir='ltr'><strong>Optimo</strong></span> <span class='ocrx_word' id='word_1_8' title='bbox 1182 710 1330 789; x_wconf 79' lang='lat' dir='ltr'><strong>eutem,</strong></span> 
     </span>
     <span class='ocr_line' id='line_1_3' title="bbox 340 812 1330 913; baseline -0.006 -25"><span class='ocrx_word' id='word_1_9' title='bbox 340 845 413 913; x_wconf 83' lang='lat' dir='ltr'><strong>qua</strong></span> <span class='ocrx_word' id='word_1_10' title='bbox 444 818 586 886; x_wconf 83' lang='lat' dir='ltr'><strong>dolendi</strong></span> <span class='ocrx_word' id='word_1_11' title='bbox 615 815 791 907; x_wconf 83' lang='lat' dir='ltr'><strong>possunt,</strong></span> <span class='ocrx_word' id='word_1_12' title='bbox 826 814 917 881; x_wconf 82' lang='lat' dir='ltr'><strong>ratio</strong></span> <span class='ocrx_word' id='word_1_13' title='bbox 947 812 1030 900; x_wconf 81' lang='lat' dir='ltr'><strong>illa,</strong></span> <span class='ocrx_word' id='word_1_14' title='bbox 1069 814 1225 902; x_wconf 89' lang='lat' dir='ltr'><strong>opinor,</strong></span> <span class='ocrx_word' id='word_1_15' title='bbox 1250 825 1330 902; x_wconf 82' lang='lat' dir='ltr'><strong>est,</strong></span> 
     </span>
     <span class='ocr_line' id='line_1_4' title="bbox 341 926 1332 1025; baseline -0.005 -25"><span class='ocrx_word' id='word_1_16' title='bbox 341 933 438 1025; x_wconf 83' lang='lat' dir='ltr'><strong>quod</strong></span> <span class='ocrx_word' id='word_1_17' title='bbox 472 931 655 998; x_wconf 91' lang='lat' dir='ltr'><strong>communi</strong></span> <span class='ocrx_word' id='word_1_18' title='bbox 687 927 910 1020; x_wconf 88' lang='lat' dir='ltr'><strong>populorum</strong></span> <span class='ocrx_word' id='word_1_19' title='bbox 939 926 1005 993; x_wconf 84' lang='lat' dir='ltr'><strong>ulir</strong></span> <span class='ocrx_word' id='word_1_20' title='bbox 1034 926 1242 1018; x_wconf 82' lang='lat' dir='ltr'><strong>legibusque</strong></span> <span class='ocrx_word' id='word_1_21' title='bbox 1263 927 1332 995; x_wconf 86' lang='lat' dir='ltr'><strong>fint</strong></span> 
     </span>
     <span class='ocr_line' id='line_1_5' title="bbox 340 1041 635 1136; baseline -0.024 -20"><span class='ocrx_word' id='word_1_22' title='bbox 340 1056 503 1136; x_wconf 79' lang='lat' dir='ltr'><strong>receptae</strong></span> <span class='ocrx_word' id='word_1_23' title='bbox 528 1041 635 1135; x_wconf 75' lang='lat'>(14).</span> 
     </span>
    </p>

    <p class='ocr_par' dir='ltr' id='par_1_3' title="bbox 340 1153 1331 1471">
     <span class='ocr_line' id='line_1_6' title="bbox 391 1153 1330 1246; baseline -0.003 -20"><span class='ocrx_word' id='word_1_24' title='bbox 391 1158 499 1243; x_wconf 89' lang='lat' dir='ltr'><strong>Quod</strong></span> <span class='ocrx_word' id='word_1_25' title='bbox 519 1157 564 1224; x_wconf 82' lang='lat' dir='ltr'><strong>ad</strong></span> <span class='ocrx_word' id='word_1_26' title='bbox 589 1177 711 1222; x_wconf 88' lang='lat' dir='ltr'><strong>rerum</strong></span> <span class='ocrx_word' id='word_1_27' title='bbox 737 1153 1032 1222; x_wconf 83' lang='lat' dir='ltr'><strong>assecurationem</strong></span> <span class='ocrx_word' id='word_1_28' title='bbox 1060 1155 1210 1242; x_wconf 79' lang='lat' dir='ltr'><strong>attinet,</strong></span> <span class='ocrx_word' id='word_1_29' title='bbox 1234 1178 1330 1246; x_wconf 81' lang='lat' dir='ltr'><strong>quae</strong></span> 
     </span>
     <span class='ocr_line' id='line_1_7' title="bbox 340 1266 1331 1359; baseline -0.007 -17"><span class='ocrx_word' id='word_1_30' title='bbox 340 1274 386 1342; x_wconf 75' lang='lat' dir='ltr'><strong>td</strong></span> <span class='ocrx_word' id='word_1_31' title='bbox 406 1273 529 1340; x_wconf 73' lang='lat' dir='ltr'><strong>hostes</strong></span> <span class='ocrx_word' id='word_1_32' title='bbox 548 1268 757 1359; x_wconf 77' lang='lat' dir='ltr'><strong>pertinent,</strong></span> <span class='ocrx_word' id='word_1_33' title='bbox 784 1290 826 1334; x_wconf 81' lang='lat' dir='ltr'><strong>ea</strong></span> <span class='ocrx_word' id='word_1_34' title='bbox 845 1267 924 1335; x_wconf 85' lang='lat' dir='ltr'><strong>aliis</strong></span> <span class='ocrx_word' id='word_1_35' title='bbox 941 1266 1230 1357; x_wconf 84' lang='lat' dir='ltr'><strong>locispermissa,</strong></span> <span class='ocrx_word' id='word_1_36' title='bbox 1251 1266 1331 1335; x_wconf 76' lang='lat' dir='ltr'><strong>aliie</strong></span> 
     </span>
     <span class='ocr_line' id='line_1_8' title="bbox 341 1379 1330 1471; baseline -0.008 -15"><span class='ocrx_word' id='word_1_37' title='bbox 341 1387 453 1456; x_wconf 76' lang='lat' dir='ltr'><strong>vetita</strong></span> <span class='ocrx_word' id='word_1_38' title='bbox 470 1393 524 1450; x_wconf 88' lang='lat' dir='ltr'><strong>est</strong></span> <span class='ocrx_word' id='word_1_39' title='bbox 549 1381 653 1471; x_wconf 83' lang='lat'>(15).</span> <span class='ocrx_word' id='word_1_40' title='bbox 682 1379 901 1471; x_wconf 84' lang='lat' dir='ltr'><strong>Plerumque</strong></span> <span class='ocrx_word' id='word_1_41' title='bbox 921 1391 1041 1448; x_wconf 80' lang='lat' dir='ltr'><strong>autem</strong></span> <span class='ocrx_word' id='word_1_42' title='bbox 1062 1380 1146 1448; x_wconf 92' lang='lat' dir='ltr'><strong>belli</strong></span> <span class='ocrx_word' id='word_1_43' title='bbox 1167 1380 1330 1450; x_wconf 83' lang='lat' dir='ltr'><strong>declara-</strong></span> 
     </span>
    </p>

    <p class='ocr_par' dir='ltr' id='par_1_4' title="bbox 257 1486 1336 2022">
     <span class='ocr_line' id='line_1_9' title="bbox 339 1486 1330 1584; baseline -0.003 -16"><span class='ocrx_word' id='word_1_44' title='bbox 339 1501 396 1568; x_wconf 82' lang='lat' dir='ltr'><strong>tio</strong></span> <span class='ocrx_word' id='word_1_45' title='bbox 416 1496 713 1564; x_wconf 82' lang='lat' dir='ltr'><strong>commerciorum</strong></span> <span class='ocrx_word' id='word_1_46' title='bbox 747 1494 997 1562; x_wconf 80' lang='lat' dir='ltr'><strong>interdictione</strong></span> <span class='ocrx_word' id='word_1_47' title='bbox 1028 1495 1191 1562; x_wconf 82' lang='lat' dir='ltr'><strong>comitari</strong></span> <span class='ocrx_word' id='word_1_48' title='bbox 1222 1486 1330 1584; x_wconf 84' lang='lat' dir='ltr'><strong>solet,</strong></span> 
     </span>
     <span class='ocr_line' id='line_1_10' title="bbox 259 1587 1334 1700; baseline -0.002 -22"><span class='ocrx_word' id='word_1_49' title='bbox 259 1587 263 1597; x_wconf 28' lang='grc' dir='ltr'>Ι</span> <span class='ocrx_word' id='word_1_50' title='bbox 340 1633 454 1700; x_wconf 86' lang='lat' dir='ltr'><strong>eoque</strong></span> <span class='ocrx_word' id='word_1_51' title='bbox 466 1608 547 1674; x_wconf 85' lang='lat' dir='ltr'><strong>casu</strong></span> <span class='ocrx_word' id='word_1_52' title='bbox 559 1608 674 1674; x_wconf 89' lang='lat' dir='ltr'><strong>omnis</strong></span> <span class='ocrx_word' id='word_1_53' title='bbox 686 1607 911 1676; x_wconf 81' lang='lat' dir='ltr'><strong>assecurandi</strong></span> <span class='ocrx_word' id='word_1_54' title='bbox 928 1608 1075 1677; x_wconf 80' lang='lat' dir='ltr'><strong>libertas</strong></span> <span class='ocrx_word' id='word_1_55' title='bbox 1091 1609 1232 1679; x_wconf 85' lang='lat' dir='ltr'><strong>videtur</strong></span> <span class='ocrx_word' id='word_1_56' title='bbox 1248 1608 1334 1678; x_wconf 85' lang='lat' dir='ltr'><strong>lub-</strong></span> 
     </span>
     <span class='ocr_line' id='line_1_11' title="bbox 257 1720 1336 1808; baseline -0.003 -14"><span class='ocrx_word' id='word_1_57' title='bbox 257 1748 261 1761; x_wconf 93' lang='lat'><em>·</em></span> <span class='ocrx_word' id='word_1_58' title='bbox 340 1726 426 1794; x_wconf 81' lang='lat' dir='ltr'><strong>lete.</strong></span> <span class='ocrx_word' id='word_1_59' title='bbox 487 1720 525 1787; x_wconf 84' lang='lat' dir='ltr'><strong>Si</strong></span> <span class='ocrx_word' id='word_1_60' title='bbox 559 1722 657 1788; x_wconf 84' lang='lat' dir='ltr'><strong>secus</strong></span> <span class='ocrx_word' id='word_1_61' title='bbox 689 1721 775 1808; x_wconf 79' lang='lat' dir='ltr'><strong>est,</strong></span> <span class='ocrx_word' id='word_1_62' title='bbox 821 1722 909 1789; x_wconf 85' lang='lat' dir='ltr'><strong>tales</strong></span> <span class='ocrx_word' id='word_1_63' title='bbox 939 1723 1218 1791; x_wconf 83' lang='lat' dir='ltr'><strong>assecurationes</strong></span> <span class='ocrx_word' id='word_1_64' title='bbox 1254 1725 1336 1792; x_wconf 85' lang='lat' dir='ltr'><strong>iure</strong></span> 
     </span>
     <span class='ocr_line' id='line_1_12' title="bbox 343 1834 1336 1926; baseline -0.004 -19"><span class='ocrx_word' id='word_1_65' title='bbox 343 1837 482 1907; x_wconf 83' lang='lat' dir='ltr'><strong>Gallico</strong></span> <span class='ocrx_word' id='word_1_66' title='bbox 503 1836 671 1906; x_wconf 86' lang='lat' dir='ltr'><strong>videntur</strong></span> <span class='ocrx_word' id='word_1_67' title='bbox 683 1836 872 1926; x_wconf 80' lang='lat' dir='ltr'><strong>permissae</strong></span> <span class='ocrx_word' id='word_1_68' title='bbox 883 1835 980 1925; x_wconf 86' lang='lat'><strong>(16),</strong></span> <span class='ocrx_word' id='word_1_69' title='bbox 1003 1834 1170 1925; x_wconf 88' lang='lat' dir='ltr'><strong>idemque.</strong></span> <span class='ocrx_word' id='word_1_70' title='bbox 1184 1859 1336 1926; x_wconf 41' lang='lat' dir='ltr'><strong>express</strong></span> 
     </span>
     <span class='ocr_line' id='line_1_13' title="bbox 342 1944 1306 2022; baseline -0.004 -1"><span class='ocrx_word' id='word_1_71' title='bbox 342 1950 388 2021; x_wconf 80' lang='lat' dir='ltr'><strong>fis</strong></span> <span class='ocrx_word' id='word_1_72' title='bbox 402 1948 522 2022; x_wconf 80' lang='lat' dir='ltr'><strong>verbis</strong></span> <span class='ocrx_word' id='word_1_73' title='bbox 542 1947 670 2018; x_wconf 83' lang='lat' dir='ltr'><strong>statuto</strong></span> <span class='ocrx_word' id='word_1_74' title='bbox 683 1947 847 2019; x_wconf 82' lang='lat' dir='ltr'><strong>Amstael.</strong></span> <span class='ocrx_word' id='word_1_75' title='bbox 863 1944 964 2017; x_wconf 83' lang='lat' dir='ltr'><strong>Art0.</strong></span> <span class='ocrx_word' id='word_1_76' title='bbox 984 1949 1032 2016; x_wconf 86' lang='lat'><strong>40</strong></span> <span class='ocrx_word' id='word_1_77' title='bbox 1053 1958 1198 2018; x_wconf 84' lang='lat' dir='ltr'><strong>cautum</strong></span> <span class='ocrx_word' id='word_1_78' title='bbox 1216 1957 1306 2017; x_wconf 78' lang='lat' dir='ltr'><strong>erut.</strong></span> 
     </span>
    </p>
   </div>
   <div class='ocr_carea' id='block_1_3' title="bbox 602 2179 1098 2495">
    <p class='ocr_par' dir='ltr' id='par_1_5' title="bbox 602 2179 1098 2495">
     <span class='ocr_line' id='line_1_14' title="bbox 797 2179 883 2271; baseline -0.012 -25"><span class='ocrx_word' id='word_1_79' title='bbox 797 2180 814 2271; x_wconf 85' lang='lat'>§</span> <span class='ocrx_word' id='word_1_80' title='bbox 845 2179 883 2246; x_wconf 77' lang='lat'><strong>5.</strong></span> 
     </span>
     <span class='ocr_line' id='line_1_15' title="bbox 602 2401 1098 2495; baseline 0 -24"><span class='ocrx_word' id='word_1_81' title='bbox 602 2401 664 2472; x_wconf 87' lang='lat' dir='ltr'><strong>De</strong></span> <span class='ocrx_word' id='word_1_82' title='bbox 686 2402 964 2495; x_wconf 71' lang='lat' dir='ltr'><strong>assecuratione</strong></span> <span class='ocrx_word' id='word_1_83' title='bbox 985 2404 1098 2476; x_wconf 74' lang='lat' dir='ltr'><strong>vitoe.</strong></span> 
     </span>
    </p>
   </div>
   <div class='ocr_carea' id='block_1_4' title="bbox 344 2613 1340 3587">
    <p class='ocr_par' dir='ltr' id='par_1_6' title="bbox 344 2613 1340 3498">
     <span class='ocr_line' id='line_1_16' title="bbox 396 2613 1339 2706; baseline -0.004 -24"><span class='ocrx_word' id='word_1_84' title='bbox 396 2613 572 2701; x_wconf 80' lang='lat' dir='ltr'><strong>Quamvis</strong></span> <span class='ocrx_word' id='word_1_85' title='bbox 601 2614 695 2684; x_wconf 74' lang='lat' dir='ltr'><strong>vitoe</strong></span> <span class='ocrx_word' id='word_1_86' title='bbox 717 2614 928 2682; x_wconf 82' lang='lat' dir='ltr'><strong>assecuratio</strong></span> <span class='ocrx_word' id='word_1_87' title='bbox 952 2617 1102 2706; x_wconf 87' lang='lat' dir='ltr'><strong>proprie</strong></span> <span class='ocrx_word' id='word_1_88' title='bbox 1115 2615 1169 2684; x_wconf 62' lang='lat' dir='ltr'><strong>&#39;ab</strong></span> <span class='ocrx_word' id='word_1_89' title='bbox 1189 2613 1339 2683; x_wconf 84' lang='lat' dir='ltr'><strong>instituti</strong></span> 
     </span>
     <span class='ocr_line' id='line_1_17' title="bbox 345 2727 1337 2818; baseline -0.005 -21"><span class='ocrx_word' id='word_1_90' title='bbox 345 2728 464 2797; x_wconf 83' lang='lat' dir='ltr'><strong>nostri</strong></span> <span class='ocrx_word' id='word_1_91' title='bbox 492 2727 632 2796; x_wconf 85' lang='lat' dir='ltr'><strong>ratione</strong></span> <span class='ocrx_word' id='word_1_92' title='bbox 664 2727 849 2796; x_wconf 89' lang='lat' dir='ltr'><strong>deflectere</strong></span> <span class='ocrx_word' id='word_1_93' title='bbox 877 2729 1065 2818; x_wconf 87' lang='lat' dir='ltr'><strong>videatur,</strong></span> <span class='ocrx_word' id='word_1_94' title='bbox 1101 2731 1193 2797; x_wconf 86' lang='lat' dir='ltr'><strong>hanc</strong></span> <span class='ocrx_word' id='word_1_95' title='bbox 1216 2737 1337 2815; x_wconf 81' lang='lat' dir='ltr'><strong>tamen</strong></span> 
     </span>
     <span class='ocr_line' id='line_1_18' title="bbox 346 2840 1337 2931; baseline -0.005 -22"><span class='ocrx_word' id='word_1_96' title='bbox 346 2840 517 2909; x_wconf 82' lang='lat' dir='ltr'><strong>intactam</strong></span> <span class='ocrx_word' id='word_1_97' title='bbox 547 2840 750 2931; x_wconf 89' lang='lat' dir='ltr'><strong>relinquere</strong></span> <span class='ocrx_word' id='word_1_98' title='bbox 780 2841 902 2912; x_wconf 72' lang='lat' dir='ltr'><strong>nolui„</strong></span> <span class='ocrx_word' id='word_1_99' title='bbox 932 2842 1077 2910; x_wconf 84' lang='lat' dir='ltr'><strong>Etenim</strong></span> <span class='ocrx_word' id='word_1_100' title='bbox 1101 2864 1174 2909; x_wconf 92' lang='lat' dir='ltr'><strong>non</strong></span> <span class='ocrx_word' id='word_1_101' title='bbox 1195 2848 1337 2906; x_wconf 78' lang='lat' dir='ltr'><strong>tautum</strong></span> 
     </span>
     <span class='ocr_line' id='line_1_19' title="bbox 345 2950 1338 3044; baseline -0.001 -27"><span class='ocrx_word' id='word_1_102' title='bbox 345 2953 548 3042; x_wconf 70' lang='lat' dir='ltr'><strong>trgumenti</strong></span> <span class='ocrx_word' id='word_1_103' title='bbox 575 2957 749 3043; x_wconf 85' lang='lat' dir='ltr'><strong>gravitate</strong></span> <span class='ocrx_word' id='word_1_104' title='bbox 782 2967 819 3024; x_wconf 91' lang='lat' dir='ltr'><strong>et</strong></span> <span class='ocrx_word' id='word_1_105' title='bbox 851 2957 1008 3025; x_wconf 82' lang='lat' dir='ltr'><strong>novitate</strong></span> <span class='ocrx_word' id='word_1_106' title='bbox 1036 2953 1187 3044; x_wconf 77' lang='lat' dir='ltr'><strong>quadam</strong></span> <span class='ocrx_word' id='word_1_107' title='bbox 1222 2950 1338 3017; x_wconf 89' lang='lat' dir='ltr'><strong>lecto-</strong></span> 
     </span>
     <span class='ocr_line' id='line_1_20' title="bbox 345 3063 1339 3152; baseline -0.004 -18"><span class='ocrx_word' id='word_1_108' title='bbox 345 3086 423 3134; x_wconf 83' lang='lat' dir='ltr'><strong>rem</strong></span> <span class='ocrx_word' id='word_1_109' title='bbox 453 3064 587 3152; x_wconf 84' lang='lat' dir='ltr'><strong>allicit,</strong></span> <span class='ocrx_word' id='word_1_110' title='bbox 622 3089 748 3134; x_wconf 81' lang='lat' dir='ltr'><strong>verum</strong></span> <span class='ocrx_word' id='word_1_111' title='bbox 787 3070 939 3136; x_wconf 81' lang='lat' dir='ltr'><strong>maxime</strong></span> <span class='ocrx_word' id='word_1_112' title='bbox 969 3066 1074 3133; x_wconf 78' lang='lat' dir='ltr'><strong>etiem</strong></span> <span class='ocrx_word' id='word_1_113' title='bbox 1097 3063 1142 3130; x_wconf 80' lang='lat' dir='ltr'><strong>eb</strong></span> <span class='ocrx_word' id='word_1_114' title='bbox 1175 3065 1219 3131; x_wconf 79' lang='lat' dir='ltr'><strong>iis</strong></span> <span class='ocrx_word' id='word_1_115' title='bbox 1246 3087 1339 3131; x_wconf 89' lang='lat' dir='ltr'><strong>con-</strong></span> 
     </span>
     <span class='ocr_line' id='line_1_21' title="bbox 344 3176 1339 3269; baseline -0.002 -22"><span class='ocrx_word' id='word_1_116' title='bbox 344 3177 535 3266; x_wconf 67' lang='lat' dir='ltr'><strong>trahitur,</strong></span> <span class='ocrx_word' id='word_1_117' title='bbox 574 3180 637 3269; x_wconf 90' lang='lat' dir='ltr'><strong>qui</strong></span> <span class='ocrx_word' id='word_1_118' title='bbox 668 3178 873 3269; x_wconf 83' lang='lat' dir='ltr'><strong>periculolis</strong></span> <span class='ocrx_word' id='word_1_119' title='bbox 908 3176 1097 3248; x_wconf 89' lang='lat' dir='ltr'><strong>itineribus</strong></span> <span class='ocrx_word' id='word_1_120' title='bbox 1132 3179 1201 3246; x_wconf 83' lang='lat' dir='ltr'><strong>lese</strong></span> <span class='ocrx_word' id='word_1_121' title='bbox 1236 3202 1339 3245; x_wconf 90' lang='lat' dir='ltr'><strong>com-</strong></span> 
     </span>
     <span class='ocr_line' id='line_1_22' title="bbox 345 3291 1339 3384; baseline 0 -25"><span class='ocrx_word' id='word_1_122' title='bbox 345 3292 507 3359; x_wconf 65' lang='lat' dir='ltr'><strong>mittunt⁴</strong></span> <span class='ocrx_word' id='word_1_123' title='bbox 559 3291 652 3361; x_wconf 90' lang='lat' dir='ltr'><strong>Cum</strong></span> <span class='ocrx_word' id='word_1_124' title='bbox 681 3293 794 3384; x_wconf 86' lang='lat' dir='ltr'><strong>igitur</strong></span> <span class='ocrx_word' id='word_1_125' title='bbox 816 3295 885 3362; x_wconf 90' lang='lat' dir='ltr'><strong>hoc</strong></span> <span class='ocrx_word' id='word_1_126' title='bbox 912 3302 1080 3380; x_wconf 86' lang='lat' dir='ltr'><strong>respectu</strong></span> <span class='ocrx_word' id='word_1_127' title='bbox 1102 3316 1123 3359; x_wconf 82' lang='lat' dir='ltr'>a</span> <span class='ocrx_word' id='word_1_128' title='bbox 1147 3316 1188 3361; x_wconf 90' lang='lat' dir='ltr'><strong>re</strong></span> <span class='ocrx_word' id='word_1_129' title='bbox 1214 3303 1339 3360; x_wconf 80' lang='lat' dir='ltr'><strong>nostra</strong></span> 
     </span>
     <span class='ocr_line' id='line_1_23' title="bbox 347 3403 1340 3498; baseline -0.003 -24"><span class='ocrx_word' id='word_1_130' title='bbox 347 3403 463 3474; x_wconf 71' lang='lat' dir='ltr'><strong>aliena</strong></span> <span class='ocrx_word' id='word_1_131' title='bbox 483 3427 558 3473; x_wconf 89' lang='lat' dir='ltr'><strong>non</strong></span> <span class='ocrx_word' id='word_1_132' title='bbox 581 3404 654 3494; x_wconf 86' lang='lat' dir='ltr'><strong>fit,</strong></span> <span class='ocrx_word' id='word_1_133' title='bbox 689 3405 892 3497; x_wconf 82' lang='lat' dir='ltr'><strong>rideamus,</strong></span> <span class='ocrx_word' id='word_1_134' title='bbox 912 3427 1024 3498; x_wconf 79' lang='lat' dir='ltr'><strong>quare</strong></span> <span class='ocrx_word' id='word_1_135' title='bbox 1046 3405 1196 3497; x_wconf 87' lang='lat' dir='ltr'><strong>plurimi</strong></span> <span class='ocrx_word' id='word_1_136' title='bbox 1223 3405 1340 3495; x_wconf 87' lang='lat' dir='ltr'><strong>scrip-</strong></span> 
     </span>
    </p>

    <p class='ocr_par' dir='ltr' id='par_1_7' title="bbox 1217 3527 1340 3587">
     <span class='ocr_line' id='line_1_24' title="bbox 1217 3527 1340 3587; baseline -0.024 0"><span class='ocrx_word' id='word_1_137' title='bbox 1217 3576 1225 3587; x_wconf 88' lang='lat'><strong>.</strong></span> <span class='ocrx_word' id='word_1_138' title='bbox 1278 3527 1340 3587; x_wconf 88' lang='lat' dir='ltr'><strong>to.-</strong></span> 
     </span>
    </p>
   </div>
   <div class='ocr_carea' id='block_1_5' title="bbox 314 3739 1430 4063">
    <p class='ocr_par' dir='ltr' id='par_1_8' title="bbox 314 3739 1430 4063">
     <span class='ocr_line' id='line_1_25' title="bbox 314 3739 1430 3815; baseline -0.004 -23"><span class='ocrx_word' id='word_1_139' title='bbox 314 3803 324 3815; x_wconf 46' lang='grc'><strong><em>.</em></strong></span> <span class='ocrx_word' id='word_1_140' title='bbox 380 3740 450 3806; x_wconf 86' lang='grc'>(14)</span> <span class='ocrx_word' id='word_1_141' title='bbox 479 3739 543 3793; x_wconf 86' lang='lat' dir='ltr'><strong>vide</strong></span> <span class='ocrx_word' id='word_1_142' title='bbox 567 3755 724 3799; x_wconf 73' lang='grc'>1111111111.</span> <span class='ocrx_word' id='word_1_143' title='bbox 753 3741 773 3793; x_wconf 88' lang='lat'><strong>1.</strong></span> <span class='ocrx_word' id='word_1_144' title='bbox 792 3740 813 3796; x_wconf 86' lang='lat' dir='ltr'><strong>l.</strong></span> <span class='ocrx_word' id='word_1_145' title='bbox 836 3770 870 3786; x_wconf 90' lang='lat'><em>-</em></span> <span class='ocrx_word' id='word_1_146' title='bbox 895 3743 955 3794; x_wconf 77' lang='lat' dir='ltr'><strong>snt.</strong></span> <span class='ocrx_word' id='word_1_147' title='bbox 978 3741 1062 3795; x_wconf 76' lang='lat' dir='ltr'><strong>Amst.</strong></span> <span class='ocrx_word' id='word_1_148' title='bbox 1087 3753 1133 3794; x_wconf 84' lang='lat' dir='ltr'><strong>art.</strong></span> <span class='ocrx_word' id='word_1_149' title='bbox 1155 3751 1197 3792; x_wconf 88' lang='grc' dir='ltr'><strong>ιο.</strong></span> <span class='ocrx_word' id='word_1_150' title='bbox 1220 3767 1253 3782; x_wconf 91' lang='lat'>-</span> <span class='ocrx_word' id='word_1_151' title='bbox 1275 3745 1339 3788; x_wconf 71' lang='lat' dir='ltr'><strong>vnn</strong></span> <span class='ocrx_word' id='word_1_152' title='bbox 1429 3768 1430 3773; x_wconf 22' lang='grc' dir='ltr'><strong><em>κ</em></strong></span> 
     </span>
     <span class='ocr_line' id='line_1_26' title="bbox 346 3826 1131 3892; baseline 0.001 -16"><span class='ocrx_word' id='word_1_153' title='bbox 346 3836 512 3884; x_wconf 69' lang='lat' dir='ltr'><strong>terruere,</strong></span> <span class='ocrx_word' id='word_1_154' title='bbox 530 3826 654 3878; x_wconf 79' lang='lat' dir='ltr'><strong>ltoomsclz</strong></span> <span class='ocrx_word' id='word_1_155' title='bbox 674 3827 745 3878; x_wconf 81' lang='lat' dir='ltr'><strong>Iloll.</strong></span> <span class='ocrx_word' id='word_1_156' title='bbox 763 3828 838 3892; x_wconf 72' lang='lat' dir='ltr'><strong>Rege.</strong></span> <span class='ocrx_word' id='word_1_157' title='bbox 859 3829 896 3880; x_wconf 84' lang='lat' dir='ltr'><strong>ll.</strong></span> <span class='ocrx_word' id='word_1_158' title='bbox 915 3840 972 3892; x_wconf 73' lang='lat' dir='ltr'><strong>pag.</strong></span> <span class='ocrx_word' id='word_1_159' title='bbox 989 3827 1023 3890; x_wconf 81' lang='lat'><strong>67</strong></span> <span class='ocrx_word' id='word_1_160' title='bbox 1043 3829 1070 3878; x_wconf 90' lang='lat' dir='ltr'><strong>io</strong></span> <span class='ocrx_word' id='word_1_161' title='bbox 1089 3842 1131 3878; x_wconf 70' lang='lat' dir='ltr'><strong>nr.</strong></span> 
     </span>
     <span class='ocr_line' id='line_1_27' title="bbox 379 3904 988 3975; baseline 0.008 -19"><span class='ocrx_word' id='word_1_162' title='bbox 379 3907 449 3972; x_wconf 83' lang='lat'>(¹5)</span> <span class='ocrx_word' id='word_1_163' title='bbox 475 3923 632 3970; x_wconf 75' lang='lat' dir='ltr'><strong>renuere,</strong></span> <span class='ocrx_word' id='word_1_164' title='bbox 651 3904 673 3961; x_wconf 90' lang='lat'><strong>1.</strong></span> <span class='ocrx_word' id='word_1_165' title='bbox 694 3915 765 3975; x_wconf 72' lang='lat' dir='ltr'><strong>Kop.</strong></span> <span class='ocrx_word' id='word_1_166' title='bbox 786 3924 810 3962; x_wconf 88' lang='grc'><strong>1,</strong></span> <span class='ocrx_word' id='word_1_167' title='bbox 830 3910 944 3975; x_wconf 79' lang='lat' dir='ltr'><strong>Absclm.</strong></span> <span class='ocrx_word' id='word_1_168' title='bbox 963 3923 988 3973; x_wconf 87' lang='lat'><strong>5·</strong></span> 
     </span>
     <span class='ocr_line' id='line_1_28' title="bbox 380 3989 1148 4063; baseline 0.003 -22"><span class='ocrx_word' id='word_1_169' title='bbox 380 3989 450 4056; x_wconf 87' lang='grc'>(16)</span> <span class='ocrx_word' id='word_1_170' title='bbox 477 4003 569 4045; x_wconf 69' lang='lat' dir='ltr'><strong>nuru.</strong></span> <span class='ocrx_word' id='word_1_171' title='bbox 588 3995 612 4046; x_wconf 84' lang='lat'><strong>1.</strong></span> <span class='ocrx_word' id='word_1_172' title='bbox 630 3993 681 4048; x_wconf 73' lang='lat' dir='ltr'><strong>ct.</strong></span> <span class='ocrx_word' id='word_1_173' title='bbox 699 4010 728 4060; x_wconf 83' lang='lat'><strong>4.</strong></span> <span class='ocrx_word' id='word_1_174' title='bbox 746 3995 814 4050; x_wconf 80' lang='lat' dir='ltr'><strong>Sect.</strong></span> <span class='ocrx_word' id='word_1_175' title='bbox 834 4009 861 4063; x_wconf 86' lang='lat'><strong>9.</strong></span> <span class='ocrx_word' id='word_1_176' title='bbox 878 4020 912 4036; x_wconf 92' lang='lat'><em>-</em></span> <span class='ocrx_word' id='word_1_177' title='bbox 927 3995 962 4048; x_wconf 87' lang='lat' dir='ltr'><strong>c.</strong></span> <span class='ocrx_word' id='word_1_178' title='bbox 980 3989 1017 4047; x_wconf 83' lang='lat' dir='ltr'><strong>N.</strong></span> <span class='ocrx_word' id='word_1_179' title='bbox 1034 4003 1084 4046; x_wconf 76' lang='lat' dir='ltr'><strong>art.</strong></span> <span class='ocrx_word' id='word_1_180' title='bbox 1106 4003 1148 4058; x_wconf 83' lang='lat'><strong>14.</strong></span> 
     </span>
    </p>
   </div>
   <div class='ocr_carea' id='block_1_6' title="bbox 0 0 1501 5018">
    <p class='ocr_par' dir='ltr' id='par_1_9' title="bbox 0 0 1501 5018">
     <span class='ocr_line' id='line_1_29' title="bbox 0 0 1501 5018; baseline 0 0"><span class='ocrx_word' id='word_1_181' title='bbox 0 0 1501 5018; x_wconf 95' lang='lat' dir='ltr'><strong> </strong></span> 
     </span>
    </p>
   </div>
  </div>
 </body>
</html>
