2970 5018
268 470 334 539 152
449 462 569 535 ·DE
618 453 1047 530 PERICULO
1131 502 1137 510 -

267 675 447 769 tngionem
470 671 655 742 combusta
681 680 756 760 est,
781 693 851 763 pro
868 668 1006 740 diverse
1025 689 1147 739 rerum
1168 689 1273 740 oon-

268 790 403 859 ditione
425 786 736 859 assecuratorese
765 782 887 853 damni
917 783 1144 853 resarcitione
1167 781 1273 852 libe-

244 922 247 929 ·
269 910 425 988 rentur,
445 899 501 970 vel
518 899 563 967 ed
575 898 651 966 eius
663 896 927 967 restitutionem
940 906 1124 966 tenentur.
1160 918 1271 965 nisu-

270 1035 430 1086 uroouus
453 1011 543 1081 illud
572 1009 712 1080 duobus
738 1010 911 1103 exemplis
934 1007 1139 1083 confirmat·
1171 1008 1271 1078 Pri-

240 1155 245 1163 ·
271 1128 329 1197 ori
351 1125 432 1194 cusu
461 1125 562 1192 nulle
584 1147 695 1216 penes
717 1124 938 1195 nevurohum
967 1123 1076 1214 eulpa
1094 1132 1197 1209 eret,
1227 1132 1271 1193 et

271 1242 529 1309 assecuretores
553 1232 707 1304 libenter
728 1239 985 1307 detrimentum
1002 1234 1272 1324 restituebant3

239 1347 465 1445 posteriori
492 1358 611 1416 eutem
643 1349 725 1419 oosu
758 1352 993 1439 navarchus,
1028 1371 1271 1438 nemorum,

273 1487 346 1556 qua
378 1461 606 1552 pestilentiae
640 1462 803 1555 contagia
836 1462 1108 1554 prohibentur,
1145 1461 1273 1533 secere

242 1610 248 1619 ·
272 1584 481 1669 cogeretur,
493 1587 653 1667 pestem,
668 1600 741 1668 que
759 1577 863 1647 nevis
884 1577 1016 1646 infecto
1036 1584 1137 1664 eret,
1156 1574 1274 1645 frau-

272 1691 317 1760 de
336 1690 553 1776 retioueret3
580 1714 735 1783 eumque
755 1689 970 1759 bereterium
992 1689 1140 1780 petroni
1164 1689 1271 1759 usse-

271 1811 456 1871 euretores
485 1826 559 1872 non
583 1804 840 1895 sussepissent,
873 1801 942 1896 ipli
964 1826 987 1872 e
1008 1802 1131 1871 domni
1148 1803 1269 1873 resti-

273 1914 414 1984 tutione
433 1915 680 1987 liberabontur
705 1918 810 2010 (81).
1223 1988 1228 1993 .

280 2060 285 2068 ·
321 2024 458 2113 Quaeri
488 2040 632 2120 potest,
667 2053 757 2100 num
797 2030 1056 2103 esleourotores
1090 2029 1271 2101 duonum

270 2141 441 2239 resarcire
461 2151 678 2233 teneantur,
706 2143 803 2235 quod
823 2144 996 2215 moreium
1018 2142 1276 2215 combustione

272 2254 496 2344 datumst,
524 2253 551 2323 fi
576 2254 650 2346 ipse
678 2258 880 2352 navarchus
893 2299 916 2347 ,ε
933 2259 998 2350 qui
1025 2257 1095 2326 aliu
1123 2257 1273 2337 ratione

273 2389 334 2437 eus
353 2367 479 2458 piratis
501 2366 559 2438 vel
574 2364 737 2438 hostibus
758 2372 899 2461 eripere
918 2394 994 2440 non
1008 2381 1179 2462 poterut,
1202 2366 1273 2440 in-'

273 2480 693 2570 cendiumexoituverit,
717 2480 792 2574 ipse
814 2493 934 2553 eutem
958 2486 1028 2554 sele
1042 2484 1123 2555 euni
1142 2485 1272 2556 nautis

273 2593 361 2685 fuge
382 2594 569 2686 receperit.
594 2593 771 2665 Nonnulli
787 2596 856 2666 hoc
876 2612 1088 2692 argumento
1107 2594 1278 2690 negare-''

231 2732 245 2761 ·-
274 2714 386 2793 runt,
410 2707 530 2797 quod,
552 2707 736 2779 combusto
756 2711 1147 2805 navi‚‹nu]le‘superlit
1164 2728 1280 2779 mer-⁸
1315 2762 1319 2773 .

237 2866 239 2872 ·
274 2816 371 2885 oium
394 2816 515 2887 saltem
535 2843 607 2912 pro
629 2834 733 2915 parte
755 2812 1010 2895 servandorum
1030 2825 1087 2894 vel
1108 2842 1274 2911 recupe-

276 2927 471 2999 sanderum
493 2932 584 3022 spes.
624 2935 856 3017 Contendunt
877 2938 996 3006 eutem
1016 2933 1179 3003 illicitum
1204 2955 1273 3002 es·-

277 3044 336 3133 fe,
361 3041 426 3111 fibi
446 3044 520 3134 ipse
538 3045 676 3116 inferre
688 3050 883 3136 damnum,
910 3048 1005 3139 quod
1023 3045 1076 3116 eb·
1087 3046 1159 3115 alio
1178 3057 1273 3119 tan-

278 3165 359 3225 tum
384 3155 557 3225 metuitur
578 3182 606 3255 3·
628 3184 701 3252 quo
731 3165 834 3232 sensu
866 3158 1074 3250 Martialis,
1107 3158 1192 3230 Lib.
1215 3160 1277 3237 11:

278 3269 406 3361 Epigr.
437 3268 618 3347 Fannium
651 3275 830 3364 quendem
857 3271 1094 3363 perstrinxit:
1215 3302 1221 3320 ·

278 3380 471 3474 „Hostem
484 3407 595 3475 quum
604 3383 746 3477 fugeret
758 3437 770 3475 ,
784 3387 819 3456 fe
830 3385 992 3456 Fannius
1003 3389 1079 3480 ipse
1089 3389 1244 3482 peremit
1256 3415 1270 3478 3

293 3545 335 3586 .‚‚
344 3495 440 3587 Hic,
454 3520 542 3590 rogo
553 3547 565 3588 ,
578 3522 652 3568 non
667 3497 856 3590 furorest,
870 3523 917 3569 ne
926 3501 1082 3572 moriere
1091 3552 1104 3592 ,
1113 3503 1233 3572 mori?
1244 3505 1274 3544 ”

200 3619 203 3624 “
279 3608 471 3683 Contraria
489 3621 611 3684 temen
631 3612 806 3691 sententie
823 3614 942 3709 magis
961 3615 1122 3711 placuit,
1147 3625 1184 3688 et
1205 3639 1272 3687 re-

1102 3807 1105 3815 .
1185 3752 1273 3837 um

199 3924 204 3933 ’
315 3949 381 4019 (tr)
405 3961 502 4009 run.
520 3950 544 4010 t.
560 3954 613 4012 cb.
632 3968 675 4012 ια.
699 3957 769 4016 Stet.
787 3971 828 4025 υ.
845 3958 859 4031 ς
877 3971 904 4014 r.
