2970 5018
286 426 381 547 ¹aa
538 469 1113 545 onraarcuuo

262 708 265 715 ·
334 684 565 771 introducto,
583 684 819 773 renuntiare,
845 710 887 754 ea
904 710 978 755 non
999 694 1143 752 tantum
1166 703 1241 748 non
1262 702 1330 750 ve-

336 800 434 886 tita,
469 799 527 867 sed
558 797 643 888 ipfis
676 797 812 888 legibus
841 799 1012 891 permissa
1039 821 1080 864 ac
1106 792 1251 863 dcfinita
1275 801 1330 861 est

114 910 117 917 ·
288 909 729 1006 .mmanmat

384 1027 429 1095 In
452 1027 587 1118 legibus
620 1028 747 1117 patriis
772 1028 828 1095 de·
848 1028 1053 1117 praesumta
1084 1029 1150 1096 hac
1179 1034 1328 1094 eontra-

334 1139 498 1210 hentium
517 1140 662 1208 scientia
681 1164 809 1231 magna
831 1152 909 1209 erat
928 1142 1120 1210 diverfitaa.
1157 1139 1237 1209 Lex
1259 1164 1330 1207 au-

336 1265 408 1325 tem
446 1253 831 1343 Amstaclodamenfis,
878 1241 969 1346 quac
1009 1255 1118 1345 elapsi
1154 1254 1328 1343 temporis

337 1368 605 1458 computatione
648 1379 685 1436 et
721 1350 1016 1458 praesumtione,
1053 1368 1330 1436 inde'derivan-

334 1485 404 1572 da,
440 1481 547 1571 plane
575 1505 658 1549 cum
693 1483 772 1550 iure
801 1480 943 1550 Gallico
975 1483 1232 1572 conveniebat,
1271 1484 1328 1552 es-

334 1597 432 1665 fectu
453 1606 573 1664 tamen
597 1594 641 1663 ab
666 1619 708 1663 co
732 1595 888 1664 multum
911 1608 989 1664 erat
1009 1596 1158 1665 diversa.
1186 1596 1329 1684 Quam-

335 1709 391 1781 vis
420 1710 515 1777 enim
547 1710 763 1800 praesumtio
797 1708 953 1796 adesset,
990 1708 1093 1777 Art0.
1132 1721 1251 1780 tamen
1284 1731 1327 1779 12

335 1821 549 1891 assecuratio
571 1824 673 1892 nulla
699 1847 773 1891 non
800 1824 872 1890 esse
898 1820 1105 1905 dicebatur,
1132 1824 1157 1890 s1
1186 1825 1329 1892 assecu-

336 1947 438 2006 ratus
462 1936 520 2004 vel
548 1937 596 2003 is·
613 1938 743 2024 etiam,
778 1937 841 2026 qui
869 1958 937 2025 pro
964 1958 1006 2002 eo
1033 1936 1328 2004 assecurationem

337 2050 502 2118 contrahi
524 2053 685 2137 curavit,
705 2053 822 2118 iurato
837 2049 1015 2136 declarat,
1040 2050 1072 2116 se
1091 2052 1206 2115 casum
1220 2051 1328 2140 igno-

336 2146 441 2235 rasse.
478 2161 522 2231 In
545 2165 671 2232 ceteris
692 2175 813 2232 autem
836 2164 923 2232 locis
945 2164 1159 2255 praesumtio
1182 2162 1330 2232 absolu-

335 2292 407 2351 tam
423 2301 566 2370 quoque
574 2279 646 2347 vim
659 2275 841 2366 habuisse,
861 2289 897 2345 et
914 2278 1164 2347 contrahentes
1185 2279 1229 2346 ad
1248 2279 1328 2347 ius-

337 2393 531 2463 iurandum
562 2390 701 2476 admissr
732 2390 839 2458 fuisse
862 2414 936 2487 non
960 2392 1151 2480 videntur,
1177 2391 1243 2460 nisi
1267 2416 1330 2460 as-

336 2505 509 2575 securatio
540 2503 643 2573 sacta
680 2502 722 2571 fit
756 2502 796 2569 in
831 2524 976 2570 omnem
1007 2516 1178 2573 eventum
1220 2505 1327 2597 (62).

337 2615 444 2687 Hanc
468 2618 681 2687 statutorum
702 2616 987 2704 constitutionem
1009 2618 1209 2708 speciminis
1229 2619 1325 2685 laud.

337 2741 502 2798 auctores
532 2729 793 2801 confirmarunt
823 2729 933 2800 Arti'.
959 2733 1032 2823 498
1058 2743 1095 2801 et
1114 2734 1199 2822 499.
1325 2798 1329 2804 .

791 2947 868 3038 tn

410 3136 472 3206 De
485 3138 646 3229 fraudis
662 3137 912 3228 probatione,
938 3137 1088 3228 eiusque
1110 3159 1253 3228 poena.

386 3358 552 3453 Vidimus
577 3363 709 3453 supra,
734 3364 1139 3456 assecurationem‘post
1161 3367 1214 3434 rei
1233 3366 1332 3433 inte-
1381 3348 1385 3363 ⁸

339 3477 449 3547 ritum
485 3475 542 3548 vel
584 3477 776 3548 adventum
808 3487 1029 3547 contractam
1063 3479 1204 3548 duobus
1240 3479 1332 3547 casi-.
1406 3538 1410 3546 .

1262 3590 1330 3658 bus

371 3759 439 3826 (6¹)
460 3777 609 3824 aornim,
626 3765 666 3816 11⁰.
689 3775 733 3827 24·
758 3775 785 3814 et
808 3774 1003 3821 acrearum,
1027 3761 1052 3812 in
1070 3770 1112 3812 nt.

374 3844 442 3910 (62)
463 3854 525 3898 stat.
547 3849 622 3899 aaa.
637 3863 685 3901 an.
702 3858 749 3911 35.
767 3850 816 3912 36,
837 3860 881 3929 372
916 3845 1013 3899 Dordt.
1039 3858 1077 3896 art
1104 3843 1154 3906 38,
1179 3834 1221 3908 39.
1251 3855 1279 3894 v.
1297 3853 1328 3894 o.

339 3940 480 3990 uaesana,
500 3929 529 3981 n.
546 3931 585 3984 rh.
608 3944 675 3996 722,
694 3945 757 3996 732.
