2970 5018
361 522 409 576 aa
571 491 667 563 DE
717 472 1149 560 PERICULO

360 712 628 804 „communem
646 699 952 772 aestimationem’'
963 698 1065 790 (59).
1110 696 1226 765 Immo
1244 719 1330 769 vero
1345 722 1358 788 ;

356 826 419 896 -red
444 824 565 892 eadem
599 817 779 910 principia
798 814 1032 887 assecuratori
1046 812 1258 902 permittant
1286 838 1359 882 ne-

359 938 454 1006 cesse
473 946 551 1023 est,
577 954 705 1002 narem
740 930 966 1015 assecurare,
1004 911 1196 1018 poitquam
1218 929 1360 998 deeius

360 1051 520 1119 adventu
551 1046 685 1117 certior
716 1043 833 1113 factus
875 1041 931 1110 litl
991 1041 1200 1110 Periculum
1235 1044 1357 1132 enim,

309 1172 315 1183 '
361 1164 460 1253 quod
473 1161 535 1229 fibi
553 1159 654 1228 navis
680 1158 847 1251 dominus
868 1152 996 1243 finxit,
1017 1155 1109 1223 idem
1129 1166 1204 1243 est,
1225 1155 1359 1226 etiamsi

360 1274 456 1347 talva
485 1273 635 1365 appulia
659 1254 737 1341 fit.'

358 1432 368 1441 -
411 1388 470 1458 Ab
499 1398 654 1477 utraque
681 1393 786 1475 parte
814 1385 926 1478 igitur
943 1381 1065 1451 omnia
1087 1384 1361 1452 communican-

361 1502 407 1572 da
432 1500 539 1588 sunt,
567 1522 659 1590 quae
674 1499 937 1589 requiruntur,
965 1507 1005 1566 ut
1028 1499 1277 1568 contrahentes
1289 1521 1360 1590 pa-

362 1616 398 1686 ri
428 1624 466 1684 et
496 1613 638 1705 aequali
658 1613 819 1701 ratione,
845 1613 889 1680 de
909 1611 1072 1701 periculo
1096 1612 1253 1681 iudicare
1270 1636 1361 1704 pos·-

360 1729 445 1798 lint.
497 1725 542 1812 A·
563 1738 694 1796 neutro
728 1736 849 1795 autem
881 1726 961 1795 iure
998 1726 1093 1816 exigi
1129 1736 1274 1817 potest,
1320 1733 1362 1796 ut

364 1842 520 1933 alterum
541 1862 563 1907 a
593 1840 716 1909 iudicii
747 1863 870 1911 errore
893 1846 1017 1909 caveat
1036 1837 1094 1908 vel
1117 1838 1221 1906 fallas
1247 1839 1362 1907 denc—

235 2003 238 2007 -
363 1965 416 2025 tet
439 1955 720 2045 consequentiae.
755 1995 804 2007 -
838 1953 919 2025 Sive
953 1962 1072 2021 autem
1096 1950 1184 2020 falla
1206 1953 1360 2043 alleget,

337 2069 435 2146 ,five
469 2069 575 2137 etiam
607 2069 855 2159 suppressione
885 2067 962 2139 veri
993 2065 1103 2135 alium
1131 2065 1172 2134 in
1200 2088 1362 2134 errorem

364 2181 535 2270 inducat,
570 2181 672 2250 nulla
697 2183 770 2250 esse
792 2181 896 2250 debet
924 2179 1159 2266 assecuratio,
1185 2203 1268 2248 cum
1291 2178 1363 2248 bo-

363 2316 436 2366 nae
463 2292 544 2362 fidei
581 2305 769 2386 repugnet.
833 2294 901 2362 Sed
932 2294 1033 2363 aliud
1065 2294 1184 2385 agitur
1215 2303 1252 2373 et
1282 2295 1363 2361 iure

362 2407 463 2480 licita
491 2408 677 2477 reticentia
700 2418 776 2496 est,
798 2406 826 2476 fi
845 2431 903 2477 res
926 2418 1036 2499 atque
1060 2409 1202 2477 caussae
1215 2407 1364 2498 utrique

338 2522 341 2532 '
363 2523 657 2592 contrahentium
672 2521 902 2610 manifestae,
922 2523 1109 2591 diiudicari
1122 2509 1264 2592 debent.
1303 2518 1368 2588 At·

364 2658 438 2729 que
458 2637 525 2706 hoc
549 2637 677 2706 sennua
708 2635 810 2705 nobis
834 2635 985 2728 intelligi
1008 2637 1113 2708 debet
1137 2638 1237 2707 locus
1263 2655 1367 2702 crcu-

365 2768 475 2818 ncuts
498 2750 614 2839 (lolz
644 2801 671 2840 „
684 2749 798 2820 Aliud
809 2762 863 2820 eat
881 2737 1021 2843 celare,
1050 2752 1148 2822 aliud
1167 2761 1295 2820 tacere.
1316 2787 1366 2802 -

366 2859 534 2952 „Neque
568 2863 664 2932 enim
693 2865 730 2932 id
765 2875 819 2934 est
835 2866 976 2956 celare,
999 2863 1173 2958 quidquid
1190 2863 1363 2950 reticeas,

364 3023 394 3065 „
405 2973 463 3053 sed
480 2997 587 3064 cum,
608 2976 705 3067 quod
723 2988 766 3047 tu
784 2979 871 3051 scias
881 3029 893 3067 ,
913 2981 950 3049 id
958 2979 1123 3071 ignorare
1134 2975 1368 3045 emolumenti

365 3088 460 3176 „tui
479 3091 601 3157 caussa
625 3089 715 3163 velis
737 3114 823 3183 eos,
852 3116 1007 3187 quorum
1024 3091 1162 3159 interfit
1181 3089 1218 3157 id
1238 3088 1367 3159 scire.'’

367 3201 424 3269 Sic
459 3202 571 3294 igitur
602 3203 641 3271 in
666 3203 735 3272 hoe
762 3205 842 3275 loco
882 3205 1172 3297 distinguendum
1198 3205 1365 3294 videtur,

364 3312 460 3404 live,
493 3316 590 3407 quod
612 3316 789 3408 perinde,
816 3343 858 3389 ea
889 3320 1102 3409 reticentia,
1126 3344 1218 3412 quae
1241 3319 1280 3388 in
1304 3341 1367 3411 ee-

362 3428 473 3498 lando
499 3426 679 3518 conlistit,
706 3433 958 3502 tantummodo
987 3434 1033 3504 ad
1061 3446 1268 3506 contractus
1296 3431 1367 3503 ob-

363 3544 496 3639 jectum
530 3543 661 3617 referri
694 3544 820 3639 debet,
859 3548 1016 3635 minimev
1043 3572 1132 3624 vero
1166 3552 1212 3620 ad
1248 3548 1364 3636 illud,

1269 3661 1366 3752 quud

400 3890 471 3962 (39)
486 3897 527 3952 De
544 3901 645 3955 turrim
662 3915 689 3957 et
704 3904 773 3958 lure.
792 3904 856 3962 tib.
867 3919 900 3971 ρ.
920 3919 982 3974 cap.
998 3907 1031 3960 οε
1062 3903 1117 3958 No·
1133 3913 1177 3972 η.
1195 3913 1254 3969 pag.
1277 3910 1339 3968 355.

401 3978 472 4048 (⁴0)
492 3980 525 4036 de
543 3985 596 4040 Off.
615 3985 667 4043 111.
686 3998 730 4043 ιο.
750 4000 792 4055 12.
