2970 5018
258 453 328 543 176
460 444 556 514 uu
609 436 1039 529 uuulcuuo

258 660 471 750 Paesureur
508 656 624 740 rescit
667 654 694 722 ὰ
733 652 824 721 titre
866 648 1111 719 d’iudemnitd
1152 642 1262 719 demi

249 798 357 868 pour
376 783 459 841 cent
482 772 528 840 cle
550 771 591 840 la
603 766 749 861 somme
768 768 935 858 ausurae.
971 763 1261 856 Legislatcrhoc

256 888 411 957 articulo
446 885 650 955 accuratius
682 883 801 951 dicere
825 879 1031 978 potuisset,
1069 891 1182 949 avant
1220 880 1260 948 lc
1302 876 1329 883 ”

256 1001 386 1093 risque
432 1001 669 1087 commem,
714 1018 823 1087 quam
854 994 909 1062 uti
945 1015 1044 1063 nunc
1071 991 1260 1084 legimus,

257 1125 374 1185 avant
407 1114 443 1187 Ie
468 1114 608 1204 depart
636 1112 689 1179 du
721 1110 907 1201 vaisseau.
960 1105 1125 1176 Vidimus
1148 1107 1261 1175 enim

256 1227 297 1297 in
319 1228 387 1296 hac
407 1227 584 1317 temporis
608 1224 878 1315 computatione
900 1219 1014 1313 ipsam
1034 1219 1193 1289 carinam
1219 1232 1260 1292 et

256 1328 527 1409 oneranavium
550 1362 624 1407 non
637 1341 758 1408 eadem
777 1337 863 1430 legis
883 1334 1136 1435 constitutioue
1157 1338 1259 1427 regi.

254 1452 315 1525 De
334 1478 420 1525 vcro
441 1464 562 1522 autem
586 1453 698 1522 huius
718 1451 807 1543 legia
826 1450 927 1519 seusu
951 1472 1026 1518 nou
1038 1447 1257 1540 dubitatur,

252 1577 290 1635 et
311 1568 482 1658 autiquae
504 1567 613 1634 etiam
640 1566 728 1657 legis
759 1565 976 1654 interpretes
1002 1563 1258 1655 conveniunt,

177 1715 183 1722 ·
251 1682 359 1748 dictis
381 1679 502 1749 verbis
524 1679 678 1772 periculi
701 1679 846 1747 initium
869 1675 1056 1769 fignificari
1074 1676 1164 1767 (27).
1243 1692 1246 1698 “

296 1789 401 1862 Alios
424 1803 546 1863 tamen
569 1793 720 1863 effectus
744 1793 887 1861 itineris
911 1791 1105 1859 assecurati
1128 1792 1258 1861 omis·-

250 1904 300 1975 fio
323 1905 430 1976 habet
443 1957 455 1996 ‚
482 1907 508 1975 fi
531 1907 787 2005 assecuratoris
815 1903 1023 1996 periculum
1046 1904 1119 1971 iam
1143 1904 1261 1974 ince-
1335 1935 1339 1940 ·

249 2019 320 2110 pit.
373 2019 584 2089 Praemium
613 2021 712 2089 enim
744 2016 955 2110 stipulatum
987 2017 1154 2106 suscepto
1177 2040 1257 2108 pe-

247 2123 369 2199 riculo
398 2132 444 2200 ad
473 2133 754 2202 assecuratorem
776 2131 957 2221 pertinet,
984 2130 1133 2221 eiusque
1155 2133 1253 2202 nul-
1343 2162 1345 2167 ⁴

247 2243 287 2314 la
308 2246 427 2315 estad
448 2237 693 2316 assecuratum
721 2245 876 2316 reverfio
904 2245 918 2337 (
930 2245 1116 2337 rictorno)
1139 2243 1251 2318 Aru.

250 2360 338 2427 551.
365 2357 539 2451 Adeoque
562 2359 588 2427 fi
609 2359 834 2428 assecuratus
860 2358 905 2426 ab
927 2359 1058 2426 itinere
1081 2357 1251 2453 defistit,

248 2471 338 2540 dum
360 2475 497 2542 merces
520 2474 606 2542 navi
628 2474 894 2563 imponuntur,
919 2472 1156 2542 assecuratori
1177 2498 1252 2545 ac-

247 2584 424 2674 quifitum
445 2597 499 2658 est
510 2588 739 2679 praemium,
767 2611 851 2656 cum
862 2597 1070 2667 contractus
1093 2609 1138 2655 ex
1159 2588 1250 2658 sus-

245 2707 354 2787 cepto
384 2700 553 2789 periculo
591 2700 742 2792 plenum
775 2700 954 2790 receperit
988 2703 1160 2793 vigorem.
1192 2744 1246 2758 —
1283 2766 1290 2777 ,
1324 2696 1331 2711 ’

248 2804 428 2893 Quamvis
460 2815 501 2881 in
523 2815 605 2882 iure
628 2815 748 2906 patrio
768 2814 890 2883 cadem
919 2815 1098 2886 valuerint
1127 2818 1249 2907 prin-

245 2920 377 3010 cipia,
414 2921 587 2994 statutum
625 2938 746 2997 tamen
780 2925 1117 2998 Amstaelodameuse
1151 2955 1245 3005 cum

243 3032 392 3100 iis‘non
411 3032 557 3104 videtur
581 3042 776 3109 convenire
810 3039 916 3133 (Art.
952 3042 1033 3135 25).
1083 3040 1163 3111 Hac
1196 3069 1245 3116 e-

241 3144 321 3213 nim
345 3143 600 3217 constitutione
620 3151 814 3241 damnum,
840 3153 1075 3225 assecuraturi
1098 3157 1253 3232 omiss&

240 3256 375 3326 itinere
402 3255 544 3326 illatum
564 3284 639 3328 uno
660 3263 775 3351 proC
795 3269 1066 3359 compensatur,
1093 3251 1240 3343 fiu1er-

242 3392 301 3438 ces
322 3371 523 3439 onerandac
546 3371 590 3439 ad
612 3383 742 3462 portus
763 3380 991 3470 crepedinem
1014 3385 1241 3461 iamdelatae

239 3482 299 3554 vel
320 3482 459 3576 scaphis
484 3485 669 3577 impofitae
691 3490 830 3580 essent,
857 3494 1017 3586 adeoque
1037 3510 1236 3593 postquam

238 3597 417 3668 mercium
439 3600 647 3693 periculum
670 3601 873 3696 incepisset.
920 3608 1138 3702 speciminis
1160 3640 1236 3688 au-

1156 3739 1231 3802 tem

268 3887 338 3958 (27)
365 3908 461 3949 amaa.
479 3898 529 3951 ca.
551 3913 592 3954 rc.
610 3901 679 3958 sect.
696 3916 738 3970 30.
763 3904 776 3975 ς
792 3921 819 3973 4.
838 3931 869 3948 -
886 3922 981 3966 vanu
998 3909 1031 3965 ad
1048 3924 1096 3968 art.
1113 3926 1155 3980 37.
1174 3915 1231 3983 leg.

233 3984 287 4027 uu.
306 3983 334 4028 u.
353 3980 397 4033 tit.
415 3995 446 4035 u.
463 3997 754 4058 vac1upag.470.-
771 3984 818 4050 Cf,
836 3995 916 4051 etiam
935 3995 1007 4067 spec.
1025 3998 1095 4056 laud.
1107 4011 1230 4070 nasu.
