2970 5018
244 398 294 526 n
464 448 560 522 nn
611 423 1037 521 runicuno

295 664 455 756 Propter
487 663 656 731 summam
686 663 888 752 argumenti
910 663 1121 754 gravitatem
1150 666 1247 756 ipsae

246 778 366 871 leges,
397 800 479 845 cum
504 775 689 860 Gallicae,
723 789 801 845 tum
838 778 975 866 patriae
1005 778 1171 868 inprimis
1203 781 1248 848 de

243 891 376 982 rebus,
398 889 519 958 maris
550 887 709 978 periculo
731 888 915 980 subiectis,
939 892 1045 982 egisse
1062 895 1241 963 videntur.

245 1005 314 1074 Sed
349 1005 461 1073 multa
492 1013 612 1069 tamen
650 1003 857 1088 continent,
898 1028 990 1095 quae
1028 1006 1106 1074 aliis
1136 1007 1244 1074 etiam

243 1106 563 1186 assecurationibus
607 1116 809 1183 communia
844 1117 946 1206 sunt,
982 1128 1018 1186 et
1057 1120 1102 1188 ad
1149 1144 1242 1211 quae

243 1232 365 1300 eadem
406 1227 586 1320 principia
637 1227 769 1296 debent
802 1231 1004 1299 transferri.
1062 1231 1240 1324 Exemplo

243 1344 348 1413 nobis
384 1342 426 1410 fit
460 1340 673 1408 assecuratio
709 1341 795 1430 illa,
829 1344 900 1435 qna
934 1346 1014 1437 quis
1045 1346 1240 1415 debitorem

242 1456 409 1527 solvendo
437 1477 511 1522 non
535 1454 708 1543 imparem
740 1454 818 1522 fore
850 1458 1054 1547 promittit,
1083 1461 1140 1530 vel
1172 1484 1238 1548 ea,

243 1593 315 1662 qna
349 1567 596 1637 incendiorum
636 1567 766 1635 damna
806 1582 993 1640 caventur.
1046 1573 1090 1641 In
1121 1575 1239 1665 patria

242 1695 367 1753 nostra
395 1682 635 1770 assecuratio,
665 1705 757 1773 quae
786 1681 832 1749 ab
854 1684 959 1752 initio
980 1686 1021 1754 in
1043 1687 1150 1782 maris
1163 1706 1235 1776 'pe-

242 1797 367 1866 riculis
397 1795 599 1865 avertendis
631 1794 866 1882 versabatur,
888 1798 1008 1886 primo
1037 1799 1082 1866 ad
1105 1801 1240 1868 aedifi·-

241 1913 297 1978 cia
328 1911 471 1977 extensa
515 1900 594 1995 eol,
629 1932 827 2001 eorumque
862 1932 1020 1977 annuam
1054 1913 1240 1982 assecura-

241 2024 375 2091 tionem
387 2019 746 2090 Amllaelodamenses
759 2019 861 2090 Aru.
880 2022 924 2089 18
948 2022 1238 2116 legisanni1744

241 2136 513 2233 constituerunt.
576 2133 675 2204 Dein
714 2159 800 2207 vero
832 2158 928 2203 anno
965 2137 1083 2226 1775,
1105 2137 1243 2204 dilata-

240 2251 287 2320 tis
310 2247 464 2336 finibus,
496 2248 795 2345 assecurationem
829 2247 1080 2339 permiserunt:
1118 2274 1164 2340 op
1202 2251 1245 2319 ul

240 2364 421 2456 helgone,
451 2361 600 2429 wetarin
632 2362 786 2429 icmond
808 2362 942 2455 belong
971 2362 1004 2428 is
1032 2361 1240 2450 helcanae,

141 2461 145 2471 ¹
241 2479 330 2546 mito
361 2475 555 2568 bestcande
581 2474 621 2542 in
649 2497 719 2542 een
751 2476 852 2543 reiel
881 2476 1137 2561 interemere
1173 2480 1240 2544 dot
1344 2503 1350 2513 ‘

239 2592 430 2678 helzelve,
462 2589 690 2681 mitsgaders
711 2589 803 2655 welk
828 2588 1114 2679 rifico..daarop
1129 2589 1240 2677 gelo-

236 2725 313 2792 pea
332 2706 397 2804 zoi
420 2706 595 2792 worden,
617 2704 657 2770 in
677 2701 739 2769 het
761 2712 935 2769 contruct
959 2725 1032 2773 van
1056 2702 1240 2791 assaron-

240 2817 292 2883 tie
324 2817 489 2906 bepmcld
518 2821 567 2911 os
588 2817 811 2911 nitgedrukt
841 2817 980 2884 worda.

253 2966 258 2974 ⁴
288 2929 366 2997 Len
399 2929 540 2999 Gallica
580 2933 684 3001 arn.
725 2931 823 3018 534,
857 2924 1073 2996 enumeratis
1100 2922 1240 3014 aliquot

239 3043 394 3136 periculi
433 3040 602 3128 obiectis,
636 3043 795 3135 generali
833 3038 956 3128 regula
985 3037 1258 3106 assecuratoris

238 3154 402 3248 periculo
436 3153 658 3224 committere
689 3151 848 3244 permitit
874 3161 998 3216 tontes
1030 3150 1155 3240 choses
1190 3176 1238 3218 on

238 3272 390 3343 calcare
413 3264 625 3335 animalitas
646 3267 672 3333 ὰ
690 3265 788 3358 prix
808 3255 996 3354 d'urgenl.
1049 3262 1239 3349 Quomodo

237 3394 357 3452 autem
380 3382 467 3449 haec
482 3378 622 3469 :regula
647 3379 814 3468 inprimis
838 3378 928 3445 Ara.
956 3377 1027 3467 547
1048 3376 1239 3446 ¹constitu-

237 3500 337 3567 tione
368 3481 545 3563 coarctata
575 3493 640 3580 lit,
672 3492 850 3582 'deinceps
866 3489 1091 3560 ridebimus.
1143 3490 1237 3581 Spe-

237 3611 377 3683 ciminis
406 3609 502 3678 laud.
545 3599 747 3694 auctores,
768 3605 932 3697 quamvis
965 3605 1112 3672 eandem
1144 3627 1236 3669 con-

236 3724 416 3793 stituerint
436 3721 611 3814 regulam.
627 3716 752 3806 (nrt‘.
778 3720 848 3787 502
860 3719 895 3808 ),
915 3740 937 3784 a
957 3715 1092 3806 legibus
1114 3724 1235 3817 tamen
1270 3754 1271 3759 κ

233 3835 408 3922 Gallicis,
428 3838 465 3903 in
478 3833 823 3926 coarctandaregula
834 3830 982 3900 sortasse
994 3827 1111 3897 nimiis
1128 3852 1233 3915 ,ma-

238 3948 332 4019 xime
367 3948 599 4017 recesserunt.

1158 4053 1234 4126 Lo-
