2970 5018
356 538 427 611 148
556 532 653 606 DE
700 531 1132 658 PEnIcULo

352 732 475 816 omnia
496 743 650 834 damna,
684 747 790 816 etiam
809 758 894 840 post
914 744 1114 815 molestiam
1139 743 1260 831 illata,
1285 765 1357 813 asb

350 860 597 955 securatormn
627 860 791 949 periculo
824 860 938 947 sunt,
972 859 1132 950 exceptis
1160 858 1227 945 iis,
1254 880 1357 949 quae

350 993 396 1043 ex
429 971 506 1061 ipsa
535 970 701 1039 molestia
729 974 912 1041 oriuntur.
969 970 1205 1040 Assecurator
1237 971 1357 1062 igitur

350 1084 476 1154 damin
507 1084 735 1152 restitutione
764 1110 840 1153 non
867 1095 1038 1173 tenetur,
1072 1083 1099 1152 si
1129 1106 1258 1153 navem
1289 1083 1356 1155 vel

344 1218 517 1284 meroes,
548 1205 742 1287 antequam
762 1199 929 1267 advectae
949 1196 1042 1284 fint,
1077 1197 1238 1265 molestia
1258 1219 1356 1288 per-

300 1306 303 1311 ’
351 1310 433 1383 iisse
452 1305 612 1394 constat3
638 1309 728 1377 sed
716 1309 883 1379 indubio
903 1311 1155 1401 suspicandum
1169 1320 1247 1398 est,
1269 1332 1354 1379 rem

344 1398 586 1493 assecuratam
606 1419 809 1490 infortunio
827 1423 993 1513 periisse,
1012 1422 1353 1512 assecuratorispe-

349 1535 467 1606 riculo
486 1533 789 1622 comprehensam.
817 1533 1128 1623 Quemadmodum
1145 1546 1266 1607 autem
1282 1558 1352 1603 as-

349 1645 563 1741 securatoris
593 1646 802 1737 pericnlum
821 1649 955 1737 cesset,
985 1648 1135 1719 advecta
1163 1648 1272 1734 navi,
1301 1647 1351 1716 fic
1407 1736 1411 1743 Ι

347 1761 457 1830 etiam
478 1759 732 1829 assecurationi
753 1759 835 1830 finis
853 1760 1106 1852 impoliteest,
1127 1759 1273 1830 finavis
1286 1761 1349 1831 vel

347 1894 484 1943 merces
508 1882 593 1940 ante
623 1873 809 1966 inceptum
840 1856 981 1943 itineris
1014 1872 1159 1943 cursum
1180 1873 1357 1945 molestia·

349 1984 573 2055 afficiuntur.

395 2095 455 2167 Ex
473 2096 541 2164 hac
564 2096 743 2168 clausulae
764 2099 1090 2192 interpretatione,
1117 2121 1210 2193 quae
1229 2096 1340 2170 Arttt.

343 2210 416 2301 647
447 2210 649 2300 speciminis
680 2211 793 2280 laud.
815 2213 993 2301 traditur,
1028 2213 1215 2303 videmus,
1251 2212 1343 2304 quid

344 2321 571 2421 statuendum
603 2322 667 2410 fit',
706 2323 732 2393 fi
760 2324 884 2394 nullus
913 2327 1089 2419 accipitur
1117 2327 1273 2397 nuncius
1294 2327 1342 2396 de

343 2438 530 2537 mercium,
543 2435 599 2510 vel
631 2436 677 2504 de
703 2436 814 2529 ipsius
845 2440 948 2509 navis
971 2440 1188 2529 conditione.
1239 2439 1342 2509 Fieri

342 2560 488 2642 potest,
515 2561 557 2621 ut
583 2551 685 2650 nauis
711 2562 817 2642 capta
847 2575 869 2620 a
893 2552 1023 2642 piratis
1046 2563 1156 2646 atque
1185 2552 1341 2645 spoliata

340 2664 383 2731 in
402 2665 507 2735 devio
536 2664 616 2734 loeo
642 2665 812 2735 derelicta
840 2664 906 2752 fit,
931 2665 991 2737 vel
1016 2667 1227 2759 etiamuna
1252 2690 1340 2736 cum

342 2776 514 2847 hostibus
531 2777 722 2871 naufragio
745 2778 918 2871 perierit3
954 2802 1071 2872 quae,
1093 2803 1175 2850 oum
1192 2779 1339 2877 laudata

343 2888 786 2985 clausulaeomprehensa
807 2890 877 2961 lint
900 2892 1055 2982 damna,
1080 2891 1125 2961 ab
1146 2891 1341 2960 assecura-
1380 2906 1384 2911 '

341 2988 430 3071 t'ore⁸
450 3024 526 3071 non
559 3005 816 3073 restituuntur.
868 3003 961 3093 Sed,
987 3005 1051 3073 nisi
1071 3002 1192 3080 damni
1210 3004 1360 3101 caussa-
1396 3065 1400 3071 .

341 3113 451 3187 dubio
480 3124 612 3202 vacet,
650 3115 713 3183 illa
748 3118 857 3185 maris
894 3116 1093 3186 infortunio
1128 3113 1336 3204 tribuitur;

341 3250 499 3321 nemque
521 3226 548 3296 ιι
570 3228 794 3299 assecuratus
815 3230 914 3300 illata
942 3228 1106 3297 molestia
1128 3227 1237 3298 rebus
1260 3229 1361 3298 suis.

341 3343 528 3413 distitutae
552 3340 696 3431 suisset,
731 3343 904 3433 suspicari
930 3335 1035 3432 licet,
1070 3352 1113 3412 ut
1134 3344 1337 3437 in=u1agna

339 3456 637 3543 commerciorum
679 3458 953 3548 opportunitate
984 3469 1095 3551 etque
1126 3456 1338 3556 frequentia

340 3566 450 3671 liuius
474 3568 527 3639 rei
548 3570 720 3667 nuntium
741 3570 931 3662 accepisset
956 3571 1071 3663 (108)

347 3680 435 3819 lp
460 3682 631 3757 hocloco
655 3693 775 3756 tamen
797 3685 1010 3778 quaeritur,
1047 3693 1173 3755 utrum
1199 3683 1333 3773 navia,

1167 3816 1340 3888 quaa,

373 3959 460 4030 (108)
487 3963 560 4017 Hanc
577 3961 677 4019 sentent
680 3966 730 4019 tam
752 3963 920 4020 confirmasse
937 3961 1060 4021 videntur
1075 3962 1127 4020 leti
1146 3957 1230 4031 Angli
1251 3975 1338 4028 nan·

339 4060 433 4107 ιιιιιι
450 4047 488 4102 11.
504 4061 565 4117 pag.
583 4049 643 4118 ⁴¹⁶·
682 4064 774 4107 ιιιιι.
793 4064 854 4122 pag.
872 4063 918 4120 93.
1092 4060 1098 4067 ·
