2970 5018
197 496 200 504 ·
323 489 975 580 assouaAroara
1104 504 1152 574 a

141 708 263 798 -super
285 705 511 798 praesumto,
548 714 721 797 tanquam
753 704 817 773 fibi
843 702 1054 800 comperto,
1079 709 1152 781 fla-

153 821 226 888 tuit
251 820 372 911 (53).

202 932 282 1001 Lex
302 916 413 1024 igitur
436 930 539 1001 Art0.
564 928 637 997 566
659 929 877 1035 praesumit,
904 933 956 999 rei
977 942 1149 1005 eventum

62 1096 65 1103 .
153 1043 447 1112 contrahentibus
477 1040 665 1133 cognitum·
688 1042 785 1130 esse,
812 1042 842 1111 si
867 1056 1019 1134 propter
1046 1045 1150 1113 loeo-

152 1181 236 1226 rum
256 1157 462 1226 distantiam
481 1153 583 1222 ,illud
609 1153 696 1222 scire
719 1165 931 1246 potuerunt.
983 1156 1028 1226 In
1049 1183 1153 1226 com-

152 1271 315 1362 putanda
345 1275 466 1338 autem
495 1289 538 1335 ea
573 1265 734 1333 locorum
767 1268 938 1337 distantia
966 1271 1020 1339 rei
1049 1295 1153 1340 nun-

151 1385 245 1453 tium
271 1404 416 1474 quaque
443 1380 532 1448 hora
561 1401 673 1446 unum
697 1379 953 1472 dimidiumque
982 1383 1150 1452 milliaria

152 1494 328 1588 proficere
350 1493 508 1585 potuisse
526 1491 701 1559 censetur.
754 1491 812 1559 Sic
832 1516 868 1562 v.
894 1516 950 1584 gr.
977 1494 1150 1584 finavis,

155 1631 247 1698 quae
282 1629 326 1674 ao
360 1605 485 1673 mensis
521 1605 576 1672 die
605 1604 696 1671 hora
720 1616 850 1695 quarta
883 1608 1059 1676 matutina
1077 1596 1151 1677 sol-

154 1723 278 1806 vitur,
323 1721 471 1819 triginta
513 1717 646 1807 septem
685 1727 722 1784 et
761 1717 946 1786 dimidium
981 1721 1152 1791 milliaria

154 1833 368 1926 profecerit,
395 1831 511 1900 valida
528 1829 762 1921 polizzaest,
789 1841 873 1900 ante
892 1832 1018 1901 horem
1037 1837 1153 1925 quin-s

154 1959 227 2016 tam
248 1947 460 2015 matutinam
480 1944 660 2035 sequentis
683 1943 753 2011 diei
776 1943 932 2035 signata,
959 1947 1061 2016 nulla
1079 1971 1151 2016 au-

152 2070 252 2146 tem,
288 2058 421 2148 srpost
440 2057 567 2125 horam
599 2077 678 2122 eam
705 2067 887 2125 contracta
909 2068 976 2127 est.
1008 2098 1058 2110 —
1092 2058 1151 2128 Ea

153 2173 371 2264 praesumtio
398 2170 544 2238 laudato
576 2165 680 2237 Art0.
709 2192 823 2261 aeque
848 2171 893 2238 ad
912 2173 1150 2255 *assecurato-

84 2284 86 2289 ’
154 2309 269 2372 rem,
307 2308 413 2376 quam
456 2282 500 2350 ad
544 2283 782 2351 assecuratum
817 2283 987 2352 refertur.
1040 2285 1152 2370 Quod
1186 2327 1189 2332 -
1247 2337 1253 2355 2

155 2398 199 2464 ad
219 2399 321 2470 navis
351 2397 546 2466 adventum
578 2396 732 2484 attinet,
769 2395 813 2464 da
840 2420 883 2464 eo
916 2396 1050 2487 constat
1082 2397 1152 2463 do-

157 2519 352 2588 cemento,
400 2509 497 2600 quod
525 2509 736 2579 'navarchus
782 2509 881 2577 intra
924 2509 969 2574 24
1017 2510 1151 2597 horas,¹

155 2634 348 2716 postquam
370 2623 583 2709 advenerit,
625 2619 801 2689 conficere
836 2629 981 2687 tenetur
1019 2619 1033 2710 (
1044 2617 1148 2691 ΑΠ’.

156 2739 227 2807 242
245 2742 287 2823 );
311 2735 509 2827 eademque
547 2736 686 2804 ratione
724 2731 815 2801 illati
856 2732 977 2799 damni
1007 2743 1153 2826 tempus

154 2849 385 2919 manifestum
415 2849 488 2918 esse
517 2848 621 2917 debet
645 2842 771 2937 (Art0.
804 2845 910 2935 246).
943 2845 1033 2916 Cum
1061 2872 1150 2918 vero

155 2966 275 3034 omnia
307 2965 504 3055 perierint,
538 2961 712 3051 temporis
743 2961 962 3048 computatio
986 2960 1150 3031 facienda

155 3078 228 3146 esse
254 3079 643 3166 videturatempore,
681 3096 753 3165 quo
785 3073 972 3141 derorum
997 3075 1149 3144 interitu
1219 3106 1223 3113 v
1332 3063 1340 3079 “

156 3189 215 3260 vel
238 3190 393 3260 adventu
415 3192 497 3259 loco
515 3188 674 3280 *quodam
705 3185 851 3257 constat.
914 3185 953 3256 Si
984 3187 1027 3255 de
1057 3184 1149 3259 horn
1196 3182 1228 3247 '.

156 3302 309 3392 fignatae
328 3305 488 3393 polizzae
519 3302 729 3390 dubitatur,
765 3301 977 3368 assecuratio
1000 3309 1150 3368 contra-

157 3422 213 3480 cta
235 3412 447 3504 intelligitur
469 3416 596 3484 ultimo
625 3415 799 3506 temporis
821 3423 960 3504 puncto
981 3414 1057 3482 eius
1078 3411 1148 3498 diei

153 3525 292 3618 partis,
330 3548 420 3615 quae
448 3527 589 3615 polizza
617 3528 771 3597 indicata
799 3536 877 3611 est3
915 3549 950 3593 v.
978 3550 1033 3616 gr.
1065 3547 1148 3593 mo-

156 3648 277 3711 mento
302 3648 386 3706 ante
412 3637 620 3725 meridiem,
648 3637 882 3724 ficontracta
911 3645 965 3707 est
987 3647 1150 3726 tempora

1070 3773 1152 3818 ma-

194 3988 260 4059 (53)
287 4005 381 4045 eura.
399 3989 436 4045 11.
466 3985 516 4044 ct.
543 3985 667 4054 15.Sect
699 3998 717 4047 4
751 3987 812 4055 §2.

637 4090 721 4163 Dr
