2970 5018
363 443 413 525 co
556 418 1141 515 oaraatcuto

363 651 472 722 ritem
493 656 610 716 morte
631 646 925 737 commutaverit,
944 649 1203 719 assecuratorea
1224 649 1269 721 ad
1289 651 1362 723 sol-

362 763 519 841 vendum
550 784 625 831 non
657 770 851 850 tenentur,
876 785 959 830 cum
994 764 1038 832 de
1060 764 1136 855 ipso
1167 765 1362 836 redemtio-

362 878 419 947 nis
451 876 545 945 facto
579 873 828 944 convenerint.
881 873 990 961 Quod
1014 887 1135 946 autem
1176 878 1221 946 ad
1251 902 1362 968 prae-

361 991 474 1058 mium
513 987 664 1074 attinet,
706 985 797 1055 illud
826 984 872 1055 ab
912 990 1055 1079 incepto
1088 989 1248 1080 periculo
1282 990 1361 1060 iure

358 1101 586 1173 irrevocabili
629 1099 888 1170 assecuratoris
913 1102 1015 1190 esse,
1049 1100 1158 1192 supra
1184 1103 1272 1170 mihi
1294 1104 1361 1171 de·

360 1213 570 1286 monstrasse
603 1211 726 1283 videor
752 1214 862 1307 (24).
915 1208 1037 1282 Priori
1073 1215 1175 1303 casu,
1211 1213 1358 1285 definito

320 1416 324 1425 μ
357 1351 489 1418 nempe
508 1325 736 1395 redemtionis
746 1327 888 1418 pretio,
908 1325 976 1394 Icti
1000 1325 1129 1395 Gallici
1149 1329 1255 1411 aliam
1277 1353 1360 1396 om·-

307 1506 309 1511 .
357 1443 446 1513 nino
470 1442 566 1511 viam
588 1439 758 1511 videntur
775 1440 947 1531 ingressi,
976 1465 1060 1511 cum
1094 1422 1193 1511 enim¹
1210 1453 1357 1512 contra-

356 1556 481 1626 hentes
512 1555 556 1623 de
586 1555 704 1647 pretio
733 1553 964 1623 redemtionis
1004 1565 1147 1625 tantmn
1165 1558 1359 1625 convenis-
1421 1590 1427 1600 ·

355 1671 458 1758 tent,
485 1668 575 1738 illud
607 1679 713 1759 capto
734 1668 934 1738 assecurato
955 1667 1115 1739 debitum
1133 1672 1206 1739 esse
1226 1670 1358 1740 statue-

356 1794 467 1868 runt,
494 1783 628 1853 etiamli
652 1782 755 1855 nulla
777 1782 819 1852 fit
841 1782 1067 1852 redimendae
1091 1782 1269 1855 libertatis
1294 1808 1358 1854 ra·

356 1898 408 1967 tio
436 1896 544 1990 (25).
645 1952 648 1957 .

405 2008 565 2101 Recepta
587 2019 707 2080 tamen
739 2009 804 2081 hac
833 2009 1008 2080 sententia
1027 2009 1098 2080 viri
1129 2008 1357 2095 eruditisfimi

356 2148 439 2194 cum
459 2122 505 2190 ab
536 2123 832 2213 assecurationis,
863 2136 942 2194 tum
966 2145 1051 2196 vero
1075 2120 1227 2190 maxime
1245 2121 1290 2188 ab
1312 2122 1355 2190 iic

352 2237 543 2332 ¹principiis
572 2238 749 2306 receafisse
767 2238 855 2306 mihi
874 2238 1065 2325 videntur,
1097 2233 1248 2327 quibus,
1269 2246 1356 2309 tan÷

357 2376 466 2444 quam
485 2350 747 2439 fundamento,
774 2349 962 2422 Gallorum
976 2351 1188 2421 assecuratio
1210 2350 1352 2418 nitituri

355 2463 415 2534 Ex
435 2490 483 2535 ea.
496 2467 592 2534 enim
614 2463 787 2534 sententia
807 2465 1026 2555 consequens
1048 2474 1125 2552 est,
1145 2475 1213 2549 ut,
1233 2463 1353 2555 fiquis

355 2576 555 2649 libertatem
586 2577 651 2648 fibi
680 2578 838 2650 vindicat
850 2628 861 2666 ‚
894 2577 959 2667 ipfi
978 2581 1136 2670 pretium
1169 2577 1350 2663 solvatur,

357 2703 470 2782 utque
490 2691 579 2761 illud
590 2743 601 2781 ‚
614 2691 639 2761 fi
650 2693 689 2760 in
700 2692 912 2782 captivitate
933 2690 1144 2760 demortuus
1152 2699 1229 2776 eat,
1242 2687 1352 2778 ipliua

355 2801 568 2875 haeredibus
601 2817 829 2877 numeretur.
879 2803 1001 2876 Priori
1025 2806 1107 2875 casu
1138 2800 1350 2870 assecuratio

355 2916 401 2984 ad
433 2917 530 2986 aleae
566 2929 735 2988 naturam
772 2918 980 3008 accederet,
1015 2941 1097 2986 cum
1127 2914 1348 2998 assecurato,

356 3030 421 3120 qui
445 3029 508 3099 fibi
528 3030 730 3103 libertatem
749 3035 822 3104 iam
853 3011 1126 3113 vindicaverat‚'
1142 3028 1285 3116 pretio,
1308 3035 1350 3093 ut

355 3142 616 3232 redimeretur,
641 3167 830 3238 nonopus
850 3149 949 3215 esset.
1000 3139 1199 3228 Posteriori
1226 3148 1350 3239 autem

353 3240 468 3332 specie
485 3241 566 3310 talis
585 3245 775 3312 conventio
792 3246 886 3313 vitae
904 3240 1116 3311 aalecuratio
1141 3237 1349 3322 videretur,

355 3356 491 3446 quippe
522 3378 594 3447 qua
617 3357 657 3424 in
682 3356 845 3427 solatium
869 3356 1049 3426 demortui
1069 3355 1211 3445 cognati
1233 3375 1351 3444 pecu·

352 3469 435 3539 niae
458 3469 596 3540 summa
619 3470 785 3561 iolrenda
809 3468 910 3540 esset.
962 3467 1143 3581 Sedntales
1165 3467 1350 3539 assecura-

1277 3579 1350 3653 tio.-

387 3839 455 3908 (24)
472 3842 491 3896 1.
512 3858 552 3897 ιο.
573 3847 606 3899 C.
626 3844 661 3901 de
679 3846 807 3904 condier.
825 3847 861 3901 ob
879 3847 948 3903 caus.
969 3845 1023 3900 dat.

360 3945 376 3976 ν
388 3923 457 3990 (2⁵)
475 3943 568 3986 aaran.
583 3931 614 3985 ll.
633 3932 646 3998 ς
663 3943 690 3997 3.
704 3947 735 4009 pt
752 3948 840 3991 rora.
856 3934 888 3990 11.
904 3933 958 3990 Nc.
978 3945 1038 4001 ¹71·
1104 3992 1117 4018 ἃ
