2970 5018
246 422 294 501 qn
466 395 560 472 DE
611 387 1040 473 PERICU'LO

244 627 378 687 natura
406 610 532 702 docet,
568 624 604 682 et
621 612 714 703 leges
737 609 953 681 confirmant
976 613 1046 704 (11
1060 614 1087 704 l.
1130 611 1246 689 Illioi·

245 741 284 798 ta
312 730 423 819 igitur
458 739 494 796 et
528 726 799 794 assecurationis
816 728 963 795 nornine
982 728 1129 820 indigna
1153 732 1243 801 esset

244 838 1241 934 wmfflmpnwmfflmQfflfflmQfflm,

244 979 337 1048 quae
363 964 573 1046 perpetrare
604 951 664 1022 ves
682 951 846 1021 omittere
863 954 1003 1044 posset,
1027 967 1141 1048 prout
1166 958 1243 1025 eius

243 1069 471 1137 commodum
502 1063 627 1132 iubere
660 1065 855 1137 videretur.
918 1066 1018 1136 Talis
1049 1069 1150 1137 enirn
1187 1093 1243 1138 aa·

243 1181 417 1252 securatio
458 1177 504 1245 ad
538 1177 703 1268 tegendas
736 1178 881 1248 fraudes
914 1180 1000 1249 esset
1032 1192 1216 1251 eontracta
1228 1225 1241 1271 ,

241 1296 401 1384 adeoque
442 1290 532 1358 iuris
568 1290 712 1380 regulae
753 1303 996 1384 repugnaret,
1035 1319 1107 1386 qua
1135 1294 1242 1364 nulla

239 1409 408 1500 pactione
451 1402 543 1473 effici
586 1403 687 1494 posse
730 1404 887 1496 dieitur,
925 1430 972 1505 ne
1001 1409 1104 1476 dolus
1138 1432 1241 1500 prae·

240 1521 353 1590 stetur
393 1518 508 1610 (12).
540 1548 589 1568 --
621 1515 829 1603 Cavendum
860 1531 982 1589 tamen
1010 1545 1057 1590 ne
1087 1522 1239 1590 nimium

239 1634 328 1703 haec
359 1630 484 1723 regula
513 1630 739 1699 extendatur.
792 1629 969 1718 Quamvis
995 1636 1091 1704 enim
1123 1635 1240 1705 valeat

239 1747 285 1816 de
321 1745 604 1833 assecuratione,
640 1767 712 1835 qua
751 1745 934 1836 incognita
971 1749 1030 1819 vel
1074 1750 1236 1817 noudum

240 1859 424 1929 commissa
467 1857 562 1928 facta
601 1859 744 1949 suscipit
792 1859 1034 1949 assecurator,
1070 1862 1141 1930 alia
1176 1875 1238 1932 ta*

238 1996 322 2044 men
348 1974 442 2040 ratio
467 1982 542 2058 est,
571 1970 595 2039 fi
621 1972 664 2040 de
688 1970 775 2040 sacti
799 1973 984 2041 cuiusdam
1012 1976 1238 2064 consequen-

238 2084 1237 2178 &mmmmmfflmffiwWffid

238 2198 317 2271 beri
348 2199 518 2268 transitus
553 2197 748 2288 diplomate
781 2224 910 2271 navem
932 2224 1123 2271 mercesve
1148 2226 1236 2271 mu*

237 2317 319 2387 nire
355 2313 582 2405 neglexerat,
620 2311 769 2380 huiusce
804 2314 1036 2406 negligentiae
1075 2315 1237 2406 sequelae

238 2429 357 2497 addita
381 2425 538 2495 clausula
561 2434 656 2491 certe
680 2426 932 2509 assecuratoris
956 2429 1120 2521 periculo
1140 2451 1236 2498 eom·

237 2545 380 2612 mittere
404 2541 522 2633 posset
548 2537 660 2631 (15).

287 2655 379 2724 Cum
402 2655 603 2722 assecurato
628 2674 670 2720 ea
696 2646 886 2721 tribuenda
909 2651 978 2724 fint
998 2652 1117 2743 facta,
1140 2676 1233 2744 quae

226 2765 282 2834 ab
306 2768 383 2834 eius
407 2766 638 2834 mandatariis
662 2776 948 2857 perpetrantur,
973 2768 1061 2836 haee
1088 2786 1233 2855 quoque

142 2864 144 2868 ’
179 2939 180 2943 ,
236 2879 489 2947 assecuratoris
522 2877 684 2970 periculo
720 2903 795 2948 non
829 2881 984 2968 subiecta
1010 2879 1102 2945 sunt.
1155 2876 1233 2943 lm·-

235 3014 297 3060 mo
332 3009 489 3062 vannus
521 3003 619 3080 gesta
653 2991 793 3081 abiis,
829 2988 895 3084 qui
925 2972 1117 3058 aaseonrati
1141 3012 1232 3080 pera

235 3105 355 3174 sonam
392 3102 585 3192 sustinent,
621 3125 668 3172 ne
693 3104 811 3174 addita
835 3102 978 3195 quidem
1003 3101 1162 3199 clausula
1186 3106 1232 3174 ad

234 3217 531 3293 assecurationem
563 3214 694 3286 referri
724 3218 826 3314 posse
858 3215 980 3286 statuit
1003 3216 1118 3311 (adt
1149 3218 1232 3289 Mi-

624 3356 628 3366 .
1035 3356 1037 3361 ·
1178 3332 1231 3402 ti-

268 3498 649 3596 &fiammae

266 3613 338 3681 (ια)
354 3614 376 3669 1.
401 3624 443 3676 27·
466 3613 480 3680 ς
507 3622 532 3677 3.
554 3610 584 3664 ff.
602 3609 639 3662 de
656 3607 1033 3678 pactio-mmet.
1054 3621 1096 3664 ιι.
1113 3609 1226 3662 Secta.

233 3696 247 3764 ς
269 3709 292 3752 ι.
311 3712 338 3751 et
356 3700 437 3752 Auct.
455 3696 494 3750 ibt
514 3695 546 3750 11.

266 3779 334 3846 (¹3)
353 3794 502 3834 nanacnn·
520 3775 570 3832 111.
587 3779 656 3846 Koa.
677 3778 716 3832 ll.
733 3776 848 3845 Abscln.
867 3791 892 3831 1.
911 3790 970 3843 pag.
990 3790 1049 3843 ¹97·

266 3863 334 3930 (14)
353 3879 447 3918 intra
474 3862 507 3917 ad
531 3879 581 3918 art.
599 3877 641 3928 27·
665 3863 719 3930 leg.
738 3877 789 3917 aot.
807 3876 839 3917 n·
854 3874 948 3917 vaira
967 3860 1000 3914 ad
1020 3871 1069 3912 nt·
1090 3866 1137 3923 351
1165 3868 1227 3927 pag.

232 3948 296 4014 476.
