2970 5018
352 479 400 551 56
562 470 1136 544 DEPERICULO

351 698 438 773 tur,
465 709 558 756 vanu
588 709 714 755 eorum
744 710 833 756 cura
860 685 1094 757 existimanda
1116 694 1192 775 est,
1219 687 1348 778 quide

349 801 445 870 vitac
466 801 728 870 assecuratione
749 801 889 870 solliciti
909 802 1004 870 sunt.
1056 798 1223 868 Dubium
1249 801 1347 869 enim

348 935 424 983 non
447 925 520 1004 est,
547 915 636 1005 quin
660 915 938 1004 detrimentum,
958 914 1110 982 alicuius
1129 923 1245 981 morte
1265 913 1347 982 aliis

346 1029 611 1119 importatum,
643 1030 825 1099 aestimari
858 1029 970 1120 posht
983 1078 995 1116 ,
1033 1026 1195 1117 illudque
1218 1028 1263 1095 ad
1285 1027 1346 1097 vi-

347 1152 405 1209 tue
433 1142 732 1210 assecurationem
754 1141 896 1211 sufficit.
946 1140 1256 1231 Quemadmodum
1281 1140 1345 1232 qui

303 1326 306 1335 ,
346 1254 422 1325 vita
454 1255 634 1322 hominem
658 1256 809 1345 privat,
848 1254 1059 1325 haeredibus
1080 1255 1251 1324 domuum
1280 1276 1345 1321 re·

346 1367 476 1435 sarcire
497 1377 666 1456 tenetur,
700 1369 750 1436 ita
770 1370 878 1437 ctiam
899 1370 1122 1439 assecurator
1144 1368 1343 1458 damnum,

343 1491 461 1548 morte
481 1480 633 1549 alicuius
654 1480 733 1550 aliis
754 1481 1016 1573 importatum,
1041 1481 1212 1550 restituit.

394 1592 525 1684 Iniqua
536 1617 649 1684 porro
662 1593 750 1666 mihi
767 1618 895 1664 eorum
913 1594 1059 1668 videtur
1071 1592 1245 1663 sententis
1257 1642 1267 1679 ,
1280 1590 1345 1682 qui

344 1717 453 1798 turpe
476 1707 549 1776 esse
564 1707 689 1777 dicunt
703 1759 714 1798 ,
727 1709 884 1780 aliorum
900 1719 1112 1800 computare
1125 1709 1219 1780 ritae
1233 1706 1346 1797 ipati-

344 1843 407 1888 um
419 1831 550 1911 utque,
564 1821 728 1913 impolito
740 1824 774 1891 ei
785 1825 903 1914 pretio
915 1870 927 1908 ,
940 1831 1056 1888 morte
1066 1821 1214 1888 lucrari.
1241 1817 1346 1886 Licet

344 1944 567 2022 mercaturae
586 1935 724 2004 utilitas
745 1937 889 2005 latiores
910 1935 1040 2004 limites
1061 1935 1201 2023 exigere
1219 1928 1346 2001 vides-

343 2046 429 2135 tur,
451 2046 490 2113 hi
510 2056 628 2115 tamen
651 2050 844 2119 mercatori
855 2049 1055 2143 denegant,
1080 2043 1177 2138 quod
1192 2044 1267 2111 iuri
1288 2044 1345 2110 ci-

341 2160 405 2231 vili
423 2159 635 2250 permissum
654 2172 720 2230 est.
749 2164 793 2233 In
811 2165 855 2232 iis
874 2164 970 2232 euim
988 2158 1185 2245 reditibus,
1216 2157 1286 2247 qui
1298 2155 1344 2225 ad

340 2274 435 2344 vitae
464 2271 573 2341 finem
603 2275 761 2365 durant,
798 2301 874 2346 non
905 2287 1048 2346 tantum
1073 2272 1168 2346 ritae
1198 2281 1344 2361 tempus

340 2397 573 2476 computatur
600 2387 711 2475 eius,
751 2389 814 2480 qui
846 2389 1059 2478 constituit,
1096 2385 1154 2455 sed
1186 2383 1343 2454 aliorum

341 2500 483 2589 etium,
521 2499 586 2591 qui
617 2500 760 2569 nullum
804 2501 887 2570 inde
923 2500 1151 2571 commodum
1191 2497 1340 2585 hubent.

340 2609 443 2713 Hucc
481 2623 602 2681 autem
634 2614 855 2705 computatio
885 2615 1009 2684 multis
1042 2609 1342 2685 conventionibus

341 2724 457 2811 inest,
483 2747 519 2794 v.
540 2749 594 2816 gr.
622 2727 666 2796 iis
696 2727 893 2817 reditibus,
922 2728 986 2821 qui
1009 2726 1194 2811 Tontinpn
1212 2723 1343 2790 dicun-

341 2845 430 2923 tur,
473 2837 513 2905 in
546 2839 701 2931 quibus,
738 2843 764 2912 fi
798 2844 879 2935 quis
908 2842 1086 2930 moritur,
1122 2838 1231 2908 huius
1256 2855 1342 2924 pars

308 3029 313 3039 ⁵
341 2949 467 3018 ceteris
492 2951 593 3019 sociis
623 2956 804 3027 accrescit.

390 3060 650 3155 Argumentis,
700 3091 791 3158 quse
823 3081 951 3139 contra
977 3066 1070 3133 hanc
1101 3058 1340 3129 assecuratio-

342 3195 427 3245 nem
460 3175 612 3245 militsrc
635 3179 840 3272 videntur,
878 3174 1189 3250 adnumerandum
1224 3171 1340 3262 illud,

345 3287 443 3379 quod
473 3311 518 3357 ex
545 3312 587 3357 ea
617 3290 787 3360 maleficia
816 3305 926 3387 atquc
957 3290 1110 3359 crimina
1138 3286 1338 3380 profluunt.

341 3398 397 3469 Rc
417 3412 536 3470 tumen
558 3401 648 3473 bene
668 3405 878 3496 perspecta,
902 3427 1053 3491 vereor,
1080 3424 1125 3470 ne
1143 3398 1231 3468 falsa
1252 3400 1341 3468 haec

271 3558 274 3565 ·
341 3515 469 3605 opinio
486 3516 798 3609 deprehendatur,
823 3538 983 3608 namque
1011 3515 1037 3584 fi
1062 3515 1136 3586 vitu
1155 3513 1341 3582 assecura-

342 3628 373 3695 ti
396 3629 549 3718 periculi
574 3630 751 3702 obiectum
781 3641 858 3721 est,
892 3628 985 3699 nihil
1013 3628 1125 3720 magis
1154 3626 1339 3695 assecura-

343 3743 433 3809 toris
453 3743 627 3834 interest,
655 3768 764 3837 quum
785 3755 828 3814 ut
850 3744 960 3816 vivat.
1008 3739 1053 3811 In
1071 3739 1148 3808 aliis
1170 3735 1337 3829 quidem,
1436 3752 1438 3755 ·

344 3870 381 3921 v·
415 3878 470 3943 gr.
509 3857 548 3924 in
580 3858 773 3929 assecurari
804 3856 998 3928 heredibus
1032 3849 1213 3922 contraris
1244 3846 1339 3917 ratio

343 3971 420 4054 “ts
446 3963 505 4034 sed
526 3990 619 4059 quas
641 3993 688 4041 ex
715 3994 844 4045 eorum
876 3965 1086 4043 criminibus
1105 3963 1237 4035 dumne
1257 3961 1340 4031 exi-
1454 3994 1457 3999 ·

808 4078 815 4089 ’
1218 4076 1338 4163 stunt,
