2970 5018
372 544 513 634 δ”
576 550 1149 627 onruatouno

366 767 599 841 'sarritionem
618 765 663 834 ab
682 763 922 833 assecuraiort
945 764 1116 854 recipiat,
1131 764 1291 854 praetnio
1308 773 1368 832 ta-

374 904 456 951 men
481 880 649 949 solvendo
672 877 750 946 fieri
770 885 911 968 potest,
940 887 981 944 ut
1003 898 1046 944 ex
1070 875 1232 966 suscepto
1254 901 1369 967 nego-

336 995 424 1075 ·*tio
454 1015 564 1086 grave
599 992 771 1061 damnum
792 991 943 1058 oriatur.
995 988 1163 1080 llludque
1184 989 1223 1058 in
1248 989 1370 1059 Gallia

370 1105 619 1201 'gravissimum
649 1103 722 1172 esse
748 1113 891 1195 potest,
920 1124 1002 1170 curn
1028 1103 1251 1171 assecuratus
1281 1103 1370 1194 legis

372 1218 617 1313 prohibitione
648 1215 694 1284 ab
732 1216 967 1285 assecurando
994 1215 1096 1284 lucro
1138 1218 1277 1307 sperato
1304 1239 1370 1283 ar·
1414 1216 1418 1233 ’

373 1343 510 1401 ceatur.
562 1331 674 1400 Felici
705 1339 826 1398 autem
859 1353 982 1398 rerum
1014 1339 1146 1398 eventu
1178 1328 1370 1397 assecurati

359 1445 559 1514 commoda
581 1441 781 1535 praemium
808 1444 896 1512 atleo
919 1443 1089 1513 excedere
1119 1443 1292 1534 possunt,
1327 1449 1371 1509 ut

371 1558 479 1627 'facile
508 1559 579 1648 pro'
604 1557 669 1625 hac
696 1556 959 1626 assecuratione
987 1557 1141 1626 alterum
1169 1555 1370 1651 praemium

372 1669 508 1742 l'olvere
536 1672 744 1741 consentiat.

291 1826 296 1837 ·
372 1783 378 1794 '
424 1783 657 1854 Haec'inter·
687 1795 883 1876 utrumque
916 1783 1032 1850 calum
1068 1781 1252 1853 diverfiias
1285 1780 1371 1850 faci·

373 1898 409 1966 le
438 1897 658 1988 legislatores
689 1899 894 1991 permovit,
929 1907 970 1963 ut
1005 1905 1227 1964 mercaturae
1264 1894 1372 1963 favo-
1449 1883 1452 1887 ⁵

374 2033 414 2078 re
444 2010 625 2100 principii
646 2012 800 2104 rigorem
835 2011 1049 2101 mitigarent.
1109 2005 1267 2076 Praemii
1299 2005 1370 2097 igi-¹

374 2132 438 2190 tur
459 2123 672 2191 assecuratio
695 2127 774 2192 iure
796 2124 914 2215 patrio
942 2123 1042 2214 (56)
1071 2131 1106 2190 et
1127 2118 1267 2189 Gallico
1290 2130 1370 2186 erat

375 2235 575 2328 permissa,
611 2237 804 2328 eademque
840 2237 1043 2306 constitutio
1076 2235 1195 2304 codice
1225 2231 1368 2301 Gallico

376 2346 475 2418 Art.
512 2350 582 2416 542
621 2349 839 2417 continetur.
892 2343 972 2421 Lex
1003 2360 1123 2419 autent
1155 2349 1306 2440 antiqua
1331 2350 1370 2417 in

376 2461 601 2532 concedenda
627 2463 694 2531 ltao
717 2463 977 2533 assecuratione
1007 2464 1094 2534 adeo
1127 2463 1270 2535 videtur
1295 2461 1371 2530 dia-

378 2575 522 2667 postta,
557 2587 600 2645 ut
629 2601 703 2647 non
737 2576 803 2646 nili
835 2601 917 2645 cuin
952 2578 1023 2646 alio
1055 2579 1297 2648 assecuratore
1327 2576 1371 2642 tle
1456 2596 1465 2610 ’

377 2690 613 2759 assecurando
641 2693 774 2783 prioris
793 2691 1064 2760 assecurationis
1088 2691 1248 2783 praemio
1278 2711 1372 2754 con·

380 2803 506 2874 venire
528 2804 632 2877 liceat
645 2807 743 2900 (57);
763 2807 829 2879 usu
840 2817 960 2877 tamen
971 2804 1125 2876 invaluit
1135 2853 1146 2891 ,
1177 2813 1218 2872 ut
1235 2801 1370 2891 duplex

1284 2915 1371 2986 haec

410 3128 479 3197 (56)
505 3131 544 3184 ne
568 3131 629 3185 luit
644 3134 729 3198 panto
752 3135 791 3189 cf.
826 3119 1121 3188 satanitarum.
1152 3147 1182 3188 ν.
1203 3145 1234 3186 u.
1247 3145 1371 3188 tteestet

312 3237 315 3243 ·
375 3216 416 3272 tit.
433 3230 501 3281 7¹7·
519 3226 587 3280 nas
606 3215 712 3282 etteges
729 3218 767 3271 ibi
785 3219 815 3273 ii.

413 3301 573 3366 speciminis
597 3298 667 3354 itud.
687 3314 812 3356 tortores
830 3302 928 3355 nullent
951 3301 1030 3353 huius
1053 3300 1256 3356 attrectationis
1280 3305 1374 3356 menti.

378 3399 454 3439 onem
475 3383 592 3447 fecisse,
608 3385 728 3451 adeoque
759 3385 903 3440 setuntlutn
926 3385 991 3441 ierit
1013 3385 1092 3437 verba
1116 3385 1182 3440 hanc
1203 3387 1375 3441 assecuratio·

379 3483 438 3522 neto
457 3483 508 3521 nott
523 3467 655 3523 adnistsle
669 3469 812 3535 videntut;
828 3469 944 3536 generali
962 3470 1031 3522 enirn
1050 3471 1142 3536 regola
1157 3472 1300 3526 assecurari
1317 3487 1377 3539 per·

382 3543 490 3606 ntittunt
508 3554 561 3606 atie
577 3555 720 3620 ltiattgttt3
740 3557 820 3608 mite
833 3565 864 3623 op
878 3556 939 3625 grid
955 3557 1156 3611 aaarteertaar
1177 3573 1207 3610 tn
1227 3572 1280 3609 aun
1296 3570 1376 3624 geta·

381 3651 427 3691 ηπ
449 3641 635 3708 ondtttvttpttt
662 3642 731 3707 alja.
772 3642 842 3695 Cum
863 3641 942 3706 igitur
959 3642 1104 3711 praemittet
1124 3641 1246 3710 paritulo
1268 3652 1321 3692 nott
1345 3641 1377 3693 llt

378 3724 529 3780 sstbiectum
540 3725 720 3794 ,consequens
737 3740 794 3789 est,
810 3740 840 3779 ut
856 3727 999 3782 assecurari
1014 3742 1135 3795 nequeat.
1155 3727 1255 3780 Dubito
1270 3739 1377 3788 tamen,
1432 3747 1434 3751 >
1471 3739 1477 3753 ¹

381 3825 444 3862 nuto
472 3825 501 3862 et
527 3810 609 3864 fuerit
645 3812 763 3863 vitorum
792 3811 1000 3874 gravissimorum
1024 3809 1168 3872 sententia,
1192 3812 1291 3877 qnippe
1308 3824 1377 3876 quae

380 3893 434 3945 iuti
459 3895 543 3958 patrio
565 3909 590 3946 et
616 3898 736 3961 aequitati
761 3895 883 3948 videatur
904 3897 1042 3950 contraiit.

404 3976 482 4041 (⁵7)
510 3980 557 4030 nn
586 3991 638 4036 to,
656 3981 721 4041 tegis
739 3984 879 4048 antiquae,
898 3994 977 4046 quem
997 3982 1031 4032 itt
1048 3979 1180 4035 intellexit
1197 3986 1377 4037 tererentur

380 4062 414 4117 tt*
431 4074 473 4128 ³4·
494 4075 641 4120 ιιι-ιω.
660 4063 680 4116 i.
701 4061 754 4117 ct.
768 4067 796 4120 8.
814 4063 1015 4136 Seroiata.
1120 4094 1123 4101 ,
