2970 5018
305 466 987 544 assnouna'rours
1105 494 1154 567 29

204 685 297 754 Cum
329 710 415 756 vero
445 710 487 754 ea
516 683 694 776 probandi
715 679 917 748 'difficultas
955 681 1153 751 necessario

102 811 106 818 '
155 820 200 868 ex
231 800 394 867 concessa
425 799 593 866 facultate
616 795 845 885 proflueret,
883 793 988 859 etiam
1019 816 1153 863 caven-

155 898 364 1000 duruerat,
390 937 437 981 ue
461 913 556 1002 ipsae
585 909 678 998 leges
700 907 932 996 impunitatis
959 906 1020 996 spe
1045 906 1153 975 frau-

29 1014 34 1023 ’
155 1027 235 1094 dem
256 1026 397 1094 allicere
419 1026 641 1096 viderentur.
669 1018 714 1087 In
733 1020 802 1087 hoc
823 1029 942 1088 autem
963 1029 1151 1089 contractu

154 1138 250 1207 bona
272 1138 358 1207 fides
377 1163 418 1207 eo
446 1136 556 1227 magis
580 1131 767 1201 nranifesta
789 1134 861 1200 esse
882 1131 1056 1220 debebat,
1077 1156 1157 1224 quo.

155 1255 269 1320 maior
289 1254 378 1322 esset
403 1246 698 1320 contrahentibus
718 1247 837 1338 legum
858 1246 972 1318 favor.
1024 1247 1152 1338 Itaque

154 1388 231 1434 non
253 1373 394 1434 tantum
419 1365 472 1431 rei
492 1362 695 1452 ignorantia
723 1360 947 1452 requiritur,
975 1359 1031 1428 sed
1057 1360 1151 1452 leges

40 1552 47 1563 ,
154 1480 303 1568 exigunt
323 1479 454 1575 etiarn,
481 1486 523 1543 ut
540 1475 582 1542 de
603 1498 642 1542 re
663 1474 831 1543 certiores
859 1474 964 1541 fuisse
985 1496 1057 1542 non
1069 1496 1151 1564 po-

155 1592 314 1658 tuerint.
366 1588 448 1656 Hoc
480 1589 714 1656 fundamento
749 1587 880 1655 nititur
900 1585 1013 1657 Artm.
1051 1588 1149 1675 565,

78 1708 88 1777 ἶ
128 1696 230 1793 ‘quo
250 1701 297 1771 ad
313 1702 580 1769 rescindendam
607 1701 904 1768 assecurationem
931 1702 1148 1792 praesumtio

53 1826 58 1837 ’
154 1814 381 1904 admittitur,
420 1816 666 1884 assecuratum
696 1813 754 1885 vel
787 1814 1064 1883 assecuratorem
1096 1817 1150 1885 rei

153 1920 338 1998 interitum
373 1931 430 1999 vel
460 1931 654 2001 adventum
682 1927 787 2020 scire
816 1927 985 2018 potuisse
1019 1931 1063 2021 (a
1089 1952 1150 2020 pu

152 2045 234 2111 stre
270 2044 432 2134 informa
464 2045 509 2112 de
538 2044 580 2110 la
610 2040 760 2132 perte).
810 2040 855 2107 Iu
890 2064 931 2108 ea
967 2043 1046 2133 lege
1075 2067 1153 2113 non

34 2218 38 2229 ,
153 2156 362 2244 quaeritur,
389 2180 476 2223 num
499 2156 553 2223 rei
580 2158 712 2224 certior
741 2154 857 2223 factus
888 2154 949 2244 fit,
977 2156 1033 2224 sed
1060 2179 1150 2226 num

151 2264 228 2335 eius
247 2271 431 2337 notionem
454 2267 585 2337 habere
604 2269 777 2362 potuerit.
810 2308 857 2326 -
891 2268 950 2337 De
973 2294 1015 2338 ea
1038 2293 1148 2358 prae·
1199 2331 1202 2336 .

150 2380 326 2449 sumtionc
352 2380 418 2449 hac
448 2386 482 2474 §⁰
511 2382 698 2453 dicendum
719 2385 813 2470 erit,
841 2383 1002 2474 sequenti
1025 2393 1161 2471 autem,

85 2553 89 2561 .
150 2493 329 2560 nonnulla
360 2494 583 2565 monebimus
615 2498 658 2567 dc
696 2499 863 2583 ratione,
898 2519 969 2585 qna
997 2492 1147 2582 probari

148 2617 290 2696 potest,
317 2606 555 2678 assecuratum
580 2611 637 2682 vel
668 2588 944 2677 assecuratorem
974 2607 1028 2674 rei
1049 2607 1146 2676 inte-

146 2720 256 2788 ritum
291 2720 348 2791 vel
379 2720 571 2793 adventum
599 2723 760 2809 scivisse,
795 2721 910 2812 deque
942 2720 1151 2789 commissae·

145 2833 283 2902 fraudis
311 2857 440 2925 poena.
495 2886 497 2891 s
1155 2832 1161 2849 '

196 2945 325 3015 Omnis
353 2946 519 3038 probatio
549 2949 608 3020 vel
638 2948 786 3018 directa
815 2960 870 3019 est
906 2950 921 3042 (
930 2950 974 3018 de
1004 2973 1075 3043 qua
1104 2954 1154 3044 §⁰1

145 3060 242 3151 seq.)
271 3061 329 3130 vel
347 3062 537 3131 indirecta
559 3063 628 3135 five
648 3086 715 3154 por
732 3049 1035 3154 praesumtiones,
1057 3065 1144 3156 qui-

144 3169 214 3238 bus
236 3173 343 3241 iudex
359 3199 404 3243 ex
423 3178 477 3244 rei
499 3177 688 3246 existentia
710 3178 803 3249 alius
831 3179 885 3247 rei
916 3179 1142 3247 existentiam

144 3284 264 3351 efficit.
292 3285 336 3355 ln
346 3311 388 3356 ea
396 3291 578 3378 probandi
590 3278 844 3362 rationeiudex
859 3292 1049 3361 secundum
1058 3291 1145 3380 phi·

143 3395 325 3484 losophica
358 3402 617 3489 probabilitatis
647 3417 683 3474 et
711 3405 952 3498 agnoscendae
981 3402 1142 3500 veritatis

144 3507 324 3599 principia
345 3513 612 3602 consequentias
630 3519 759 3585 ducere
782 3518 907 3598 debet,
925 3524 962 3581 et
983 3538 1045 3580 eae
1057 3515 1142 3581 sunt

143 3620 452 3713 praesumtiones,
487 3647 579 3712 quae
602 3629 707 3714 sacti
734 3630 792 3695 vel
817 3625 979 3693 barcinis
1008 3624 1142 3690 dicun·

143 3746 217 3804 tur.
269 3733 337 3802 Sed
361 3734 551 3803 nonnullis
580 3736 620 3802 iu
644 3736 779 3804 casibus
799 3738 892 3825 leges
911 3735 1047 3802 homini
1070 3735 1140 3804 ob-

143 3847 239 3915 viam
257 3847 334 3914 iisse
354 3847 547 3936 videntur,
574 3858 611 3914 et
634 3857 786 3938 propter
805 3848 934 3915 'rerum
964 3848 1141 3919 verisimi-

142 3958 292 4060 litudem
314 3961 371 4033 vel
394 3960 482 4032 alias
513 3959 559 4031 ob
590 3959 728 4029 caussas
757 3959 1043 4053 constituerunt,
1070 3974 1137 4051 ut,
1170 4037 1174 4045 ,

619 4071 657 4142 D
1112 4075 1138 4144 fi
