2970 5018
466 555 1081 648 INTRODUCTIO.
1217 574 1268 637 nt

273 756 335 841 b'e'
350 769 599 863 distinguenda
619 793 661 838 ea
692 779 768 857 est,
806 794 896 861 quae
928 769 1073 839 ludendi
1103 771 1269 845 aviditate

274 896 418 954 tantum
441 885 666 953 contrahitur
677 933 688 970 ,
716 892 751 951 et
767 905 793 949 a
812 882 1045 974 scriptoribus
1066 883 1164 952 Italis
1178 909 1270 977 per-

271 1022 398 1099 peram
430 996 724 1092 assecurationis
755 996 900 1062 nomine
917 995 1098 1088 'infignita
1117 1008 1180 1098 'est
1201 999 1216 1090 s
1237 999 1265 1090 ).

222 1184 225 1189 ⁴
272 1109 554 1202 Qualescunquc
589 1110 685 1177 enim
718 1107 923 1197 sponfiones
940 1110 991 1206 ,in
1013 1110 1148 1200 agenda
1165 1120 1267 1179 'mer-

271 1235 398 1293 catura
426 1223 639 1294 avertendae
669 1223 774 1308 sunt,
800 1245 881 1289 cum
896 1314 899 1318 Α
916 1222 993 1290 eius
1017 1221 1160 1291 fructus
1192 1242 1269 1294 non

270 1336 405 1428 absque
429 1338 574 1423 labore,
601 1335 658 1402 sed
678 1333 861 1437 diligentia
883 1335 1025 1402 demum
1046 1348 1082 1405 et
1102 1337 1269 1426 pruden-

272 1451 301 1518 ti
336 1449 483 1517 confilio
515 1447 634 1538 colligi
665 1445 811 1537 posfint.
863 1445 1034 1537 Plerique
1062 1448 1172 1540 igitur
1196 1472 1271 1540 po·-

270 1562 354 1653 puli
383 1561 471 1627 tales
491 1614 494 1619 .
512 1559 788 1629 assecurationee
822 1559 960 1649 legibus
985 1570 1061 1628 no'n
1089 1571 1267 1650 tuentur,

272 1674 332 1744 vel
350 1674 456 1740 etiam
475 1671 680 1763 prohibent.
726 1671 771 1740 In
791 1657 942 1739 Etruria
962 1683 1079 1741 autem
1095 1661 1268 1764 ,Neapo-

271 1785 301 1854 li
344 1795 380 1852 et
412 1784 509 1875 apud
541 1783 732 1875 Lufitanos
765 1785 929 1852 contrahi
969 1785 1103 1873 solent,
1136 1809 1268 1877 easque

269 1895 474 1988 Anglorum
498 1896 590 1988 leges
601 1947 613 1985 ,
642 1898 805 1988 quemvis
821 1895 994 1975 limitibus
1015 1897 1269 1993 circumscrip-

235 2070 240 2076 .
270 2021 346 2098 tas,
369 2011 491 2079 itidem
511 2011 730 2101 permittunt
752 2011 766 2103 (
788 2010 816 2102 ).

319 2123 493 2193 Inventae
513 2125 785 2192 assecurationis
803 2133 899 2194 aetas
921 2106 1029 2215 latet,
1055 2114 1144 2195 etin
1161 2114 1269 2197 inrlaa

271 2237 386 2329 ganda
415 2238 492 2305 eius
514 2238 652 2328 origine
668 2238 774 2306 multi
790 2238 929 2306 frustra
945 2239 1098 2309 fuerunt
1115 2225 1268 2313 solliciti·
1349 2252 1353 2257 '
1437 2226 1440 2233 ¹

272 2347 500 2418 Assecuratio
524 2351 620 2418 enim
650 2373 725 2419 non
748 2350 842 2422 felici
862 2354 993 2422 mentis
1016 2347 1182 2422 acumine
1200 2376 1270 2421 cx<
1314 2356 1319 2373 ‘

272 2464 444 2553 cogitata,
469 2463 527 2532 led
547 2487 568 2531 a
594 2463 805 2533 tenuisfimis
831 2468 943 2535 initiis
964 2477 1001 2535 et
1025 2466 1123 2556 quafi
1144 2460 1270 2556 sponte

269 2573 339 2642 sua'
369 2585 449 2642 orta
491 2577 653 2667 videtur,
696 2579 783 2648 adeo
831 2590 873 2647 ut
910 2576 1052 2647 definiri
1089 2589 1267 2669 nequeat,

270 2688 416 2779 quando
452 2690 621 2758 extiterit.
672 2690 752 2760 Ulu
783 2692 866 2759 dein
899 2691 1069 2780 exigente·
1088 2701 1124 2762 et
1146 2691 1268 2762 horni-

268 2823 359 2870 num
392 2799 657 2870 necesfitatibus
687 2804 798 2894 magis
825 2802 1002 2892 invaluit,
1044 2815 1154 2896 atque
1189 2805 1268 2876 fre·-

182 2904 184 2908 ⁴
271 2915 456 3005 quentiori
498 2926 721 2984 mercaturae
754 2915 868 2985 studio
898 2929 1003 2986 aucta
1038 2941 1079 2986 ac
1108 2918 1269 3008 perfecta

268 3038 334 3095 est.
385 3028 611 3123 Argumento
643 3031 732 3100 mihi
751 3030 794 3100 fit
810 3023 1087 3126 elegantisfimus
1104 3025 1269 3104 Lucretii
1307 3090 1313 3099 „

204 3138 207 3146 ’
266 3138 389 3210 locus:

273 3250 474 3342 „Navigia
511 3268 621 3350 atque
659 3257 923 3350 agriculturas,
964 3252 1129 3346 moenia,
1171 3259 1280 3352 leges-

273 3409 301 3454 „
335 3360 429 3429 Usus
447 3375 483 3434 et
504 3370 678 3468 impigrae
698 3372 802 3465 fimul
819 3373 1042 3468 experientia
1065 3371 1194 3440 mentis

1124 3535 1152 3576 „
1165 3476 1270 3554 Pau*-

301 3686 353 3756 (ι)
371 3687 501 3755 Exempla
524 3687 587 3742 vlde
610 3689 680 3756 apud
697 3705 881 3745 srrnccnan
902 3691 935 3743 de
955 3691 1014 3745 Ass.
1034 3703 1061 3744 et
1079 3690 1269 3757 sponsionibus

266 3773 463 3835 Mercatoruou
485 3788 559 3839 parte
577 3775 625 3836 ΙΙ,
645 3776 687 3827 Ν(1
719 3786 770 3837 17,
793 3777 842 3833 18,
864 3787 912 3838 19,
932 3788 978 3827 20·

302 3858 352 3924 (α)
370 3873 524 3922 errrore,
560 3861 657 3926 system
684 3861 726 3910 des
755 3858 918 3923 Arsekuraez
942 3861 996 3913 und
1019 3848 1273 3928 Bodcmerctmsint,

267 3941 402 4012 flanona
421 3945 497 4001 1810.
518 3947 587 4014 Cep·
602 3959 639 4014 a,
656 3946 730 4000 sect.
747 3958 774 4010 5.
792 3959 852 4023 pag.
871 3957 932 4013 295.

725 4124 806 4201 Aa
