2970 5018
327 509 1092 598 ,assncunnronrs
1186 529 1235 597 ss

247 734 346 796 tores
379 727 393 819 (
404 726 471 817 17)
507 747 585 794 eam
616 725 804 796 reiecerint
837 738 873 796 et
906 752 1062 819 quonam
1094 734 1173 801 iure
1198 734 1240 802 in

247 840 385 933 legibus
417 840 567 910 Gallicis
593 841 794 933 patriisque
822 842 979 933 antiquis
1005 843 1020 934 (
1032 844 1101 934 18)
1128 845 1241 915 fuerit

246 953 440 1046 prohibita.

299 1065 374 1154 Qui
416 1068 526 1141 vitam
561 1066 715 1136 hominis
747 1068 1015 1159 assecurandam
1053 1073 1242 1141 noneste

247 1184 496 1270 contendunt,
528 1180 626 1248 hisce
660 1179 880 1270 potisfimum
910 1187 1132 1275 argumentis
1165 1187 1240 1253 mi-

185 1352 190 1371 .
246 1296 286 1367 hi
313 1298 368 1367 uti
394 1297 577 1368 videntur.
628 1292 809 1361 Nimirum
843 1296 954 1366 vitam
981 1297 1135 1365 hominis
1162 1323 1240 1368 rem

246 1413 402 1500 dicunt,
439 1408 593 1499 pecunia
613 1430 688 1474 non
709 1406 959 1478 aestimabilem
986 1408 1100 1503 (18*)
1125 1437 1241 1503 quae-

158 1513 161 1517 ’
247 1523 320 1617 que
353 1531 575 1591 mercaturae
607 1518 731 1587 subiici
765 1545 840 1589 non
879 1532 1031 1611 potest;
1068 1526 1240 1616 turpisfi-

247 1661 349 1712 mum
372 1644 492 1703 autem
520 1633 614 1720 este,
649 1632 812 1724 impofito
834 1635 929 1705 vitae
961 1639 1104 1727 preti0,
1136 1663 1240 1709 mor-

247 1762 284 1820 te
313 1747 459 1818 lncrari.
511 1745 674 1837 Cumque
706 1747 793 1815 haec
825 1748 1061 1839 assecuratio,
1088 1775 1239 1845 compa.

245 1875 322 1934 tato
346 1863 439 1934 vitae
471 1860 603 1951 spatio,
640 1858 685 1927 ab
709 1859 950 1929 assecuratore
978 1865 1236 1954 contrahatur,

244 2002 323 2048 eam
344 1973 523 2044 maleficiis
550 1972 833 2065 criminibusque
858 1975 977 2042 ansam
999 1975 1172 2067 praebere
1201 1990 1238 2049 et

244 2093 341 2161 aleae
364 2087 667 2181 aequiparandam
682 2089 755 2154 esse
775 2088 937 2158 statuunt
962 2089 1034 2182 (19
1046 2091 1073 2181 ).

292 2205 385 2274 Cum
419 2201 543 2294 negari
569 2224 645 2271 non
678 2200 821 2292 posfit,
857 2202 936 2271 illas
966 2206 1123 2273 rationes
1157 2206 1236 2276 veri

242 2319 396 2413 speciem
409 2336 499 2407 prae
518 2314 553 2381 se
570 2313 689 2403 ferre,
715 2315 838 2407 paullo
850 2319 1052 2387 accuratius
1064 2318 1235 2388 videntur

156 2470 160 2478 ·
242 2428 511 2527 examinandaeg
559 2427 707 2497 Certum
738 2439 816 2518 est,
853 2433 964 2502 vitam
994 2429 1234 2515 hominis,fi

228 2543 377 2637 vingenii
388 2541 445 2612 vel
460 2541 569 2608 animi
587 2542 739 2612 virtutes
762 2544 931 2633 respicias
946 2591 957 2627 ,
970 2542 972 2547 ’
984 2564 1050 2609 nec
1070 2542 1242 2611 venalem·
1342 2612 1345 2617 ⁴

241 2654 425 2753 proponi,
452 2676 569 2744 neque
594 2654 669 2723 ulla
695 2645 869 2746 pecuniae
893 2655 1029 2721 summa
1053 2656 1235 2725 aestimari

240 2769 357 2868 posse.
383 2766 452 2836 Sed
472 2767 557 2835 haec
577 2767 671 2837 vitae
687 2769 885 2835 aestimatio
907 2766 952 2834 ad
974 2768 1066 2836 hanc
1089 2771 1235 2839 assecu-
1308 2792 1311 2797 ’

239 2884 414 2953 rationem
441 2902 518 2948 non
538 2880 750 2969 requiritur.
803 2881 1036 2951 Assccurator
1055 2885 1151 2952 enim
1172 2906 1231 2952 res

238 2998 455 3065 assecuratas
475 3014 542 3061 nec
564 2992 673 3081 emit,
698 3016 817 3086 neque
839 2996 998 3065 restituit
1010 2975 1027 3086 ,⁹
1048 2998 1105 3066 sed
1125 2999 1231 3066 dam-

239 3131 329 3177 num
341 3157 354 3195 ‚
378 3107 578 3175 assecurato
600 3128 724 3174 rerum
755 3108 905 3179 interitu
933 3111 1079 3201 datum,
1110 3111 1231 3180 resar-

239 3221 313 3286 cire
335 3228 490 3287 tenetur.
542 3220 634 3288 Cum
651 3220 761 3313 igitur
782 3225 812 3291 is
825 3224 868 3292 fit
887 3225 1158 3294 assecurationis
1181 3223 1230 3289 fi-

237 3332 322 3420 nis,
347 3342 389 3400 ut
408 3331 579 3402 damnum
590 3383 603 3425 ,
630 3359 704 3429 quo
733 3339 814 3432 quis
834 3337 1030 3432 affligitur,
1056 3333 1231 3407 restituo*
1284 3428 1292 3443 ο

1139 3461 1228 3536 tur,

270 3592 340 3663 (17)
358 3607 457 3649 auru.
474 3594 497 3648 1.
522 3594 573 3648 ct.
593 3599 626 3649 aa
646 3599 715 3652 εισι.
735 3613 760 3654 ι,
787 3614 815 3652 er
836 3612 958 3655 auctores
983 3593 1056 3649 trud.
1077 3625 1109 3639 -
1128 3607 1228 3669 nurse

237 3683 269 3736 ad
287 3695 381 3736 που.
405 3681 418 3748 §
434 3680 502 3746 679,
519 3680 620 3755 ¹altique
636 3681 772 3746 permulti.

271 3765 341 3835 (18)
358 3767 414 3820 Tit.
432 3764 486 3821 sss.
503 3776 552 3816 art.
573 3774 617 3817 ιο.
630 3790 662 3810 -·
691 3767 759 3817 Stat.
780 3765 866 3818 Amtt.
888 3776 936 3816 arr.
954 3777 1000 3832 n4.

269 3851 354 3921 (iat)
371 3850 393 3904 1.
412 3865 441 3915 3.
456 3851 503 3914 ff„
520 3849 539 3903 si
558 3846 719 3917 quadrupes.
743 3848 873 3903 Liberum
893 3863 992 3916 corpus
1018 3853 1224 3911 aestimationem

235 3952 288 3996 noo
303 3937 409 4003 reetpit.
769 4004 774 4016 .

268 4020 336 4093 (¹9)
353 4020 392 4075 et.
408 4035 551 4078 rorarii.
570 4024 615 4078 η’.
633 4032 667 4086 27
685 4032 713 4077 et
730 4032 908 4075 astronom
925 4019 954 4075 in
972 4036 1012 4077 aa.
