2970 5018
327 487 414 559 -so
569 479 1141 563 unaaurouno
1247 596 1250 603 Ι

416 695 524 765 Tales
552 697 829 768 assecurationes
861 699 984 771 invitis
1016 700 1153 795 legibus
1176 703 1360 773 interdum

369 808 561 897 contrahi,
609 807 789 878 affirmare
826 835 900 880 non
941 813 1065 883 aufim.
1110 856 1159 869 -
1184 809 1360 885 Fortasfis

366 921 471 1010 funt,
498 920 628 1013 quibus
647 925 811 992 contrahi
832 928 933 1015 posse
955 927 1147 1017 videntur,
1168 928 1232 998 sub
1254 930 1361 998 olau-

364 1035 465 1125 sula,
491 1059 582 1127 quae
601 1037 880 1106 assecuratorem
898 1061 920 1106 a
937 1024 1188 1110 confiscatione
1209 1045 1360 1112 ceteris-

364 1172 437 1242 que
458 1148 623 1234 damnis,
650 1149 763 1218 veluti
779 1152 949 1239 mulctis,
975 1153 1113 1224 liberat.
1166 1155 1258 1225 Cum
1288 1179 1360 1226 ve-

362 1287 407 1333 ro
436 1263 533 1330 inter
565 1261 816 1331 contrahentes
849 1265 892 1333 de
923 1288 1046 1336 rerum
1074 1269 1358 1338 assecuratarum

361 1385 497 1450 natura
522 1371 682 1441 constare
707 1372 854 1465 debeat,
880 1378 975 1469 legcs
1008 1380 1100 1449 hanc
1123 1382 1360 1450 assecuratio-

362 1511 447 1559 nem
470 1488 566 1556 tueri
591 1509 667 1554 non
691 1487 866 1577 possunt,
893 1502 1003 1581 atque
1028 1493 1252 1562 assecuratus
1276 1492 1357 1562 fidei

361 1598 614 1671 assecuratoris
635 1599 782 1667 omniuo
802 1600 1033 1693 relinquitur.
1098 1588 1103 1597 ’

411 1713 479 1783 Uti
496 1723 637 1803 autem,
665 1735 758 1805 quae
776 1714 953 1803 civitatis,
980 1718 1019 1784 in
1038 1742 1110 1809 qua
1131 1718 1358 1789 contrahun-

295 1899 298 1903 .
358 1839 424 1898 tur
444 1825 580 1919 legibus
603 1836 808 1919 repugnant
824 1828 1103 1897 assecurationes
1114 1880 1126 1918 ,
1151 1833 1274 1901 nullae
1292 1835 1358 1900 de-

350 1943 571 2029 clarantur,
608 1940 659 2010 ita
686 1963 707 2008 e
735 1940 917 2010 contrario
948 1941 1047 2031 apud
1075 1966 1199 2013 omues
1229 1968 1356 2034 popu-

359 2055 415 2125 los
460 2051 597 2125 validae
644 2052 825 2123 habentur
865 2054 1038 2121 mercium
1076 2055 1357 2124 assecuratioues

359 2177 489 2237 contra
509 2174 651 2233 exterae
672 2167 824 2239 civitatis
845 2167 939 2235 iura.
976 2165 1136 2258 Recepta
1155 2167 1241 2236 haec
1261 2169 1355 2238 civi-

360 2293 479 2353 tatum
505 2302 633 2348 norma
655 2301 698 2346 eo
727 2279 894 2370 inprimis
913 2282 1094 2373 principio
1123 2280 1352 2370 defenditur,

359 2394 459 2492 quod
481 2391 632 2463 civitatis
662 2392 756 2482 leges
779 2392 919 2460 nullam
943 2393 1139 2486 peregrinis
1162 2393 1355 2487 obligatio-

356 2533 444 2582 nem
475 2507 674 2598 imponant.
727 2503 841 2572 Immo
871 2505 1057 2577 Brittanni
1089 2508 1241 2579 ulterius
1261 2511 1355 2578 hanc

280 2602 283 2606 Δ
357 2625 400 2692 in
422 2644 500 2690 rem
529 2617 705 2711 progresfi
737 2618 833 2687 sunt.
892 2617 947 2686 Hi
976 2622 1074 2690 enim
1100 2648 1176 2692 non
1210 2632 1353 2690 tantum

358 2734 562 2802 concedunt
584 2733 881 2801 assecurationem
905 2735 1083 2803 mercium
1095 2718 1112 2823 ,⁰
1144 2736 1235 2825 quae
1257 2732 1352 2801 falsis

355 2845 601 2939 {imulatisque
611 2845 836 2915 documentis
852 2847 892 2919 iu
903 2858 1060 2917 exteram
1082 2847 1260 2916 civitatem
1278 2846 1353 2913 im-

353 2966 577 3052 portantur,
612 2959 670 3027 sed
700 2961 962 3030 assecuratione
998 2960 1104 3027 etiam
1140 2960 1353 3026 commercia

355 3071 453 3143 tueri
480 3072 725 3162 permittunt,
764 3074 991 3164 pactionibus
1019 3073 1117 3139 iuter
1133 3071 1169 3141 se
1189 3070 1350 3163 aliasque

310 3193 313 3199 '
355 3186 519 3256 civitates
539 3181 658 3271 initis,
683 3184 866 3274 prohibita
891 3182 998 3279 (1¹0)

405 3297 515 3367 Hisce
546 3306 666 3364 tamen
696 3295 1016 3365 assecurationibus
1045 3297 1166 3389 magni
1194 3299 1352 3368 nominis

353 3410 423 3486 Icti
439 3410 509 3479 sese
526 3405 745 3502 opponunt(
760 3433 799 3477 11
813 3410 841 3500 ).
860 3447 909 3463 -
930 3409 1095 3479 Illicitam
1116 3435 1258 3480 omnem
1278 3414 1351 3480 essa

354 3523 581 3604 contendunt
605 3533 869 3611 mercaturam,
894 3523 1055 3620 adeoque
1077 3534 1114 3596 et
1136 3526 1351 3596 assecurati-

1262 3658 1352 3706 ones

388 3819 457 3886 (ιο)
475 3837 623 3878 eruetur.
641 3836 701 3891 pag.
718 3823 760 3888 ³6.
777 3846 812 3867 ·-
830 3838 925 3880 rain.
942 3836 1001 3890 pig.
1021 3836 1081 3887 237.

392 3903 459 3965 (¹¹)
479 3919 623 3960 rerumn-
640 3910 683 3959 η’.
704 3913 747 3971 58.
765 3926 801 3948 -
824 3920 1047 3963 uatunssrnoru
1065 3909 1186 3959 rratmo
1202 3902 1267 3958 teus
1281 3902 1349 3975 Λεβ-

352 3987 492 4044 surmont
508 3991 673 4053 maritume,
690 4003 759 4058 pau.
775 3992 826 4048 111.
845 3993 902 4048 Tit.
919 4003 947 4057 3.
965 3989 980 4061 ς
997 4000 1014 4042 a
1030 3987 1107 4058 seqq.
