2970 5018
267 421 982 506 assecuraronrs.
1089 434 1144 531 1⁷

147 653 306 732 creseat,
343 644 527 714 utilisfima
561 655 597 714 et
631 646 733 738 saepe
764 643 960 713 necessaria
997 652 1052 712 est
1082 664 1146 711 ea-

146 782 230 828 rum
253 757 458 849 designatio.
511 759 733 849 Plerumque
767 758 812 824 ad
843 756 938 824 hano
961 755 1146 822 assecura-

146 872 284 940 tionem
305 873 453 940 navium
471 883 712 963 apparatus,
739 879 976 937 armamenta
987 875 1023 933 et
1043 887 1149 932 cone-

150 995 297 1073 meotue
340 983 489 1051 nautici
523 983 736 1079 reseruntur
774 982 871 1075 (5),
911 979 1073 1071 quamvis
1107 999 1150 1046 ea

150 1096 338 1188 separatim
363 1096 469 1175 etiam
494 1094 692 1162 assecurari
725 1093 841 1164 liceat.
891 1091 1149 1184 Apparatuum

151 1209 300 1279 nomine
338 1205 473 1300 (agree
510 1217 548 1273 et
590 1208 815 1301 apparatas)
860 1206 963 1278 navis
994 1204 1149 1303 scapha,

152 1344 329 1408 ancorae,
354 1320 472 1407 mala,
498 1329 701 1410 antennae,
727 1320 858 1410 funes,
892 1318 973 1391 vela
1006 1319 1151 1408 aliaque

152 1432 327 1503 eiusmodi
346 1432 582 1500 instrumenta
593 1434 850 1522 continentur,
877 1455 995 1525 quae,
1019 1433 1153 1500 etiam-

154 1547 288 1615 licum
323 1544 409 1613 navi
443 1565 519 1612 non
551 1546 602 1613 ita
639 1547 872 1636 cohaereant,
905 1556 947 1615 ut
977 1545 1050 1615 fine
1079 1542 1154 1611 dif-

35 1646 41 1656 ’
155 1657 333 1727 fractione
370 1657 525 1750 disiungi
545 1683 621 1727 non
650 1660 809 1751 posfint‚
839 1669 960 1727 tamen
982 1658 1027 1726 ad
1046 1658 1155 1729 navi-

156 1770 332 1863 gationem
375 1770 457 1839 sunt
498 1773 694 1841 necessaria
727 1771 810 1864 (4).
862 1768 919 1839 Ab
957 1765 1001 1839 iis
1033 1779 1155 1839 autem

10 1934 14 1943 .
78 1877 81 1883 ’
157 1882 404 1972 distinguenda
429 1897 651 1955 armamenta
688 1895 725 1953 et
755 1882 924 1956 victualia
951 1881 1022 1955 live
1053 1905 1156 1950 com-

157 2005 296 2064 meatus
335 1997 492 2088 matici,
534 1999 665 2090 quibus
700 1998 803 2070 naris
837 1997 882 2065 ad
915 1992 1155 2066 defenlionem

157 2120 195 2178 et
220 2118 415 2178 nautarum
442 2113 579 2182 victum
610 2111 756 2203 indiget.
807 2108 987 2181 Pecuniae
1018 2111 1158 2200 igitur,⁵

159 2245 250 2313 quae
284 2222 382 2291 hunc
419 2224 458 2292 in
494 2222 602 2292 finem
630 2225 916 2315 impenduntur,
957 2220 1154 2291 assecurari

157 2335 333 2426 possunt,
372 2335 441 2405 five
476 2336 654 2430 impensae
692 2336 781 2407 fi'ant
820 2343 1016 2428 antequam
1047 2332 1153 2404 navis

63 2454 70 2465 ’
159 2447 328 2534 solverit,
356 2446 435 2519 five
454 2450 537 2520 dein
569 2452 784 2523 necessariae
804 2448 868 2523 ¹vel
890 2448 998 2520 utiles
1029 2444 1157 2514 existi-

158 2567 318 2628 mentur.
371 2559 542 2632 Generali
561 2567 658 2636 enim
686 2565 812 2657 regula
832 2560 954 2630 omnia
973 2559 1158 2628 assecura-

159 2672 193 2739 ri
211 2670 319 2759 lieet,
347 2696 439 2766 quae
456 2679 630 2768 pecuniae
656 2679 780 2749 valore
803 2673 985 2743 aestimari
1001 2670 1154 2781 possunt

38 2830 43 2843 .
157 2793 195 2852 et
218 2786 327 2854 maris
355 2788 518 2878 periculo
547 2800 796 2885 exponuntur.

206 2897 320 2991 Leges
363 2903 561 2971 nonnullae
612 2901 878 2997 antiquissimae
920 2901 960 2969 in
1007 2900 1157 2974 navium

158 3011 417 3082 assecuratione
457 3039 532 3085 non
563 3015 651 3083 adeo
687 3012 841 3085 fuerunt
875 3014 1081 3107 generales,
1120 3019 1158 3082 et

159 3138 464 3198 armamentorum
505 3128 720 3198 assecuratio
763 3128 840 3198 fere
872 3127 1039 3197 omnibus
1080 3133 1158 3194 erat
1230 3118 1234 3123 ’

159 3233 270 3305 vetita
292 3237 378 3338 (5).
428 3240 508 3312 Lex
538 3252 660 3312 tamen
689 3239 868 3316 Ludovici
900 3250 937 3311 et
956 3236 1182 3325 recentiora

1055 3414 1058 3424 .
1082 3369 1156 3446 12²7

193 3573 245 3642 (3)
263 3576 295 3630 L.
314 3577 386 3632 Gall.
405 3579 482 3637 Are.
500 3594 560 3649 334,
577 3609 613 3626 -
630 3587 708 3651 Spec.
723 3584 745 3640 l.
765 3579 845 3636 Are.
861 3588 922 3642 50⁰·
940 3573 996 3627 No.
1017 3586 1042 3625 r.
1062 3585 1090 3624 a.
1108 3583 1136 3634 3.

192 3665 245 3734 (4)
264 3679 360 3720 anan.
388 3665 411 3718 1.
432 3664 481 3719 ch.
499 3681 526 3733 4.
553 3666 623 3721 Soet.
639 3680 667 3730 7.
683 3688 718 3706 ··
730 3675 920 3721 parnassus,
934 3659 1017 3711 couri
1032 3657 1064 3710 de
1079 3656 1154 3709 trote

159 3751 337 3806 Commercial.
355 3752 435 3804 Tom.
456 3750 491 3805 11.
518 3748 572 3802 No.
590 3751 654 3815 607.
670 3762 730 3815 pag.
753 3760 794 3812 15.

193 3835 242 3904 (5)
262 3850 360 3891 euru.
376 3837 401 3892 1.
419 3834 505 3890 CM.
521 3833 625 3897 secam
641 3834 731 3901 §1.·-
748 3840 916 3895 orsnoor,
934 3825 985 3884 lul.
1000 3825 1156 3900 §41le

160 3935 387 3983 enornrwreru
403 3933 430 3977 et
448 3933 585 3977 sennaar
603 3921 630 3973 ln
647 3917 731 3973 notia.

613 4003 696 4076 Ea
