2978 5016
346 457 395 529 ῳ
550 427 646 503 ue
704 384 1136 503 rnntcuco

343 612 555 714 assecuratio
581 642 698 711 addita
728 641 885 712 clausula
912 644 1081 734 restringi
1111 639 1168 715 vel
1199 644 1246 714 ud
1263 645 1346 716 alia

346 779 491 850 quoque
514 756 677 847 pericula
711 757 854 824 extendi
878 759 976 827 solet.
1029 757 1253 848 Magnopere
1274 759 1346 850 igi-
1395 819 1399 825 f

345 881 410 939 tur
452 871 624 955 interest,
664 865 830 936 definitas
874 870 959 960 ipsis
999 869 1187 939 subiecisse
1222 872 1348 939 notio-

271 998 274 1005 ’
344 1005 412 1056 nes
419 1031 431 1070 ‚
468 1004 516 1053 ne
556 982 597 1049 in
640 981 885 1072 investiganda
930 981 1051 1051 damni
1093 983 1165 1052 dati
1206 984 1346 1075 origine

345 1094 484 1186 aliquid
514 1093 677 1184 periculo
693 1093 901 1178 tribuatur,
926 1096 972 1163 ab
995 1097 1236 1166 assecuratore
1260 1099 1346 1166 sus·

348 1218 476 1299 cepto,
520 1205 654 1278 etiamsi
704 1205 910 1276 detrimenti
945 1209 1016 1278 aliu
1054 1211 1177 1278 caussa
1221 1208 1347 1280 fuerit.

349 1322 442 1391 Cum
476 1343 564 1391 vero
601 1320 842 1408 assecuratio,
882 1322 999 1411 qualis
1035 1347 1077 1391 ea
1107 1323 1183 1414 lege
1212 1322 1346 1393 consti-

226 1452 231 1463 ·
348 1436 490 1520 tuitur,
516 1432 697 1501 interdum
732 1433 924 1502 assecurati
953 1436 1137 1527 proposito
1171 1460 1246 1504 non
1266 1435 1346 1502 sus-

348 1544 445 1616 ficiat
457 1596 468 1635 ,
516 1546 574 1614 sed
615 1547 782 1615 clausulis
825 1545 1020 1637 dilatetur,
1063 1549 1181 1640 prima
1221 1550 1347 1640 eapitis

349 1649 502 1733 sectione
534 1660 579 1730 de
611 1661 683 1731 illis
716 1660 1009 1752 periculis‘agere
1032 1659 1228 1750 constitui,
1255 1686 1346 1753 quac

349 1775 426 1866 ipso
469 1774 549 1842 iure
586 1775 632 1842 ad
677 1774 974 1843 assecurationem
1009 1799 1086 1844 nou
1121 1775 1344 1845 referuntur.

351 1887 479 1958 Altera
506 1894 624 1956 autem
648 1911 689 1957 ea
709 1887 920 1958 recensenda
942 1898 1051 1957 erunt
1070 1889 1180 1955 muris
1201 1889 1349 1978 pericu-

350 2000 410 2088 la,
447 2024 537 2090 quae
565 2000 641 2090 ipso
667 1996 747 2069 iure
777 1999 1031 2069 assecurationi
1064 1999 1221 2068 subiecta
1250 2001 1349 2070 sunt

400 2113 439 2183 si
456 2114 500 2181 de
523 2113 692 2202 periculis
712 2113 865 2206 loquor‚·
901 2113 1031 2205 quibus
1053 2114 1274 2181 assecurator
1299 2112 1347 2180 s1-

349 2249 395 2298 ve
424 2249 468 2294 ex
503 2226 629 2294 additis
657 2228 859 2294 contractui
894 2227 1059 2296 clausulis
1087 2226 1157 2296 slve
1176 2225 1250 2315 ipsa
1270 2225 1346 2315 lege

225 2332 231 2341 ⁸
342 2339 568 2427 subiicitur,
608 2339 711 2408 facile
745 2340 1006 2429 intelligimus,
1039 2339 1216 2430 impensas
1250 2361 1347 2428 quo-

248 2535 254 2542 ·
348 2477 442 2544 que,
467 2475 558 2545 quae
592 2475 637 2520 ex
653 2452 707 2519 his
726 2453 897 2542 periculis
918 2453 1113 2540 oriuntur,
1139 2451 1183 2519 ab
1203 2451 1346 2519 assecu-

347 2577 470 2635 ratore
494 2565 726 2634 restituendas
758 2565 842 2633 esse.
895 2565 1072 2652 Quamvis
1094 2567 1205 2657 igilur
1225 2565 1269 2632 ad
1285 2564 1347 2630 in-

349 2680 461 2748 stituti
497 2681 612 2751 nostri
628 2668 633 2676 ⁵
652 2680 828 2749 rationem
870 2679 991 2747 damni
1037 2678 1223 2753 resarcitio
1269 2699 1343 2743 non

347 2792 551 2880 pertineat,
565 2793 795 2861 memoranda
807 2800 937 2861 'tamen
952 2791 1152 2861 differentia
1163 2800 1217 2858 est
1229 2837 1238 2874 ‚
1251 2809 1344 2877 quae

346 2905 443 2971 inter
464 2905 543 2970 iura
563 2906 680 2994 patria
703 2930 744 2974 ac
768 2904 908 2974 Gallica
921 2905 1067 2975 obtinet.
1080 2899 1341 2987 -Pecuniae‚

347 3000 460 3106 duce,
489 3016 589 3084 illato
609 3017 739 3086 damno
762 3021 965 3107 maritimo,
985 3005 1101 3085 adres
1126 3013 1343 3082 conservan-

345 3128 409 3202 das
432 3128 647 3198 necessariae
670 3132 778 3218 sunt,
799 3132 1013 3222 plerumque
1034 3127 1119 3194 navi
1132 3123 1342 3194 reficiendae

343 3264 387 3312 uc
425 3242 622 3334 purgandis
653 3253 690 3310 et
717 3243 944 3312 emendandis
979 3237 1158 3308 mercibus
1188 3238 1341 3327 impen-

343 3356 507 3442 duntur,
553 3357 611 3429 rel
653 3355 679 3425 li
719 3356 856 3425 sumtus
898 3355 943 3424 ad
975 3351 1178 3445 reparanda
1211 3351 1343 3422 damna

343 3466 460 3559 fiunt,
489 3492 581 3561 quae
615 3467 665 3538 'ab
703 3469 805 3537 hoste
845 3467 1080 3553 inferuntur,
1120 3489 1165 3534 ex
1203 3465 1342 3533 redem-

344 3583 466 3674 tione,
492 3584 765 3679 recuperatione
793 3580 852 3652 vel
875 3581 977 3652 navis
1000 3578 1164 3652 vindiciis
1188 3578 1339 3646 existere

303 3703 306 3710 '
344 3693 471 3767 solent.
522 3696 615 3768 Cum
644 3719 730 3768 vero
761 3695 866 3774 facile
886 3692 966 3763 fieri
984 3692 1115 3786 possit,
1133 3703 1174 3760 ut
1194 3692 1339 3782 impen-
1399 3757 1404 3768 ,

345 3809 401 3875 sae
425 3813 463 3877 in
488 3835 565 3878 rem
596 3811 774 3902 quandam
803 3808 944 3897 sactae,
974 3809 1208 3874 assecuratum
1238 3803 1338 3870 sum-

344 3941 440 3987 mam
482 3935 676 3993 excurrunt
687 3975 699 4015 ‚
742 3924 952 4015 quaeritur,
997 3942 1086 4021 num
1112 3912 1337 4007 essecuruto'r

917 4032 919 4036 “
1293 4036 1336 4097 ea
