2970 5018
260 466 264 479 ¹
372 453 397 525 6
585 440 1209 517 DEPERlCULO·

370 659 485 753 priam
517 652 647 725 habere
677 664 857 723 naturam.
909 655 1038 724 Missas
1061 656 1172 750 igitur
1186 656 1277 729 facio
1299 659 1362 728 in-

370 781 571 862 terpretum
599 767 882 858 disputationes,
906 772 968 859 qni
998 772 1294 841 assecurationem
1315 775 1361 842 ad

372 885 563 957 emtionem
600 880 884 967 venditionem,‘
901 881 1113 954 locationem
1147 885 1360 955 conductio.

372 1021 469 1084 nem,
483 996 680 1065 societatem
693 993 849 1065 aliumve
860 1006 1082 1065 contractum
1094 996 1258 1068 referunt
1266 1001 1323 1091 (14
1331 1004 1366 1088 ).,

372 1110 485 1182 Nobis
514 1109 553 1176 in
582 1107 792 1197 exponendo
821 1107 1072 1177 assecuratoris
1095 1112 1279 1201 periculo,
1298 1116 1361 1182 in-

372 1221 578 1314 vestiganda
606 1219 716 1289 totius
747 1230 953 1288 contractus
977 1232 1107 1290 natura
1125 1234 1189 1292 est.
1241 1226 1364 1295 Aver-
1461 1289 1465 1299 ,

370 1337 497 1407 tendae
522 1335 617 1402 enim
646 1332 816 1402 fortunae
843 1333 940 1403 vices
959 1335 1193 1426 navigationis
1214 1340 1364 1428 pericu-

258 1532 261 1537 ·
369 1451 415 1519 lis
440 1448 694 1533 continentur,
722 1455 759 1514 et
780 1446 994 1521 assecuratio
1024 1472 1106 1516 cum
1123 1450 1168 1518 iis
1187 1451 1273 1518 adeo
1297 1475 1363 1520 co-

369 1562 517 1650 haeret,
547 1571 590 1629 ut
612 1559 772 1652 perlecta
801 1581 876 1628 non
908 1559 1085 1650 ducatur,
1111 1562 1177 1631 nili
1200 1565 1363 1654 pericula

370 1676 515 1767 incepta
555 1672 634 1742 fint.
686 1671 742 1742 Ea
780 1671 892 1764 igitur
933 1675 1172 1745 conditionem
1201 1676 1361 1768 faciunt,

370 1789 432 1857 cui
466 1787 717 1856 contrahentes
749 1767 1022 1855 assecurationis
1040 1788 1257 1860 validitatem
1275 1790 1362 1867 sub·

367 1901 487 1972 iecislc
506 1901 757 1970 existimantur
781 1900 872 1990 (15).

823 2126 900 2221 tn.

443 2352 505 2422 De
534 2350 607 2442 iis,
638 2351 706 2446 qui
736 2350 1053 2442 assecurationem
1078 2352 1305 2424 contrudere·
1361 2394 1364 2401 ·

774 2465 951 2557 possunt.

420 2690 524 2778 Quae
555 2683 600 2760 ad
632 2712 855 2759 communem
879 2690 1010 2761 civium
1035 2694 1223 2763 utilitatem
1242 2693 1362 2761 intro-

370 2804 478 2872 ducta
507 2813 561 2870 est
588 2803 823 2894 assecuratio,
850 2805 946 2873 inter
965 2829 1088 2875 omnes
1113 2828 1257 2897 quoque
1276 2806 1363 2875 iniri

283 2900 286 2909 ¹
370 2924 507 3008 potest,
528 2912 591 3004 qui
608 2915 797 2984 secundum
816 2916 908 2985 iuris
929 2918 1042 2986 civilis
1065 2927 1360 3008 praeceptacon-

368 3037 507 3096 tractus
553 3024 755 3094 celebrandi
786 3051 932 3119 capaces
966 3029 1090 3098 haberi
1114 3029 1260 3098 solent·
1292 3029 1362 3101 Sed

369 3144 409 3213 iu
430 3138 554 3208 limine
578 3137 686 3239 huius
705 3137 778 3206 loci
797 3142 953 3211 notanda
969 3141 1112 3210 videtur
1134 3140 1358 3232 differentia,

369 3266 461 3346 quac
500 3250 595 3319 inter
626 3250 871 3341 assecurandi
891 3255 1123 3346 facultatem
1154 3256 1292 3326 obtinet
1323 3267 1361 3325 et

366 3367 482 3458 ipsum
502 3365 775 3458 asfictcratoris
793 3367 997 3456 negotium.
1048 3365 1213 3440 Priorem
1229 3367 1360 3461 pacfi-

367 3503 454 3554 vom
466 3530 478 3573 ,
493 3477 730 3572 posteriorem
748 3478 912 3549 activam
934 3503 1103 3554 vocamus
1123 3483 1360 3555 assecuratio-
1426 3534 1430 3539 .

773 3619 776 3626 ·
1260 3618 1356 3666 nem.

402 3801 473 3871 (14)
489 3816 511 3859 1.
530 3818 560 3860 r.
578 3803 970 3868 srrrusr,1osmuttlmum
986 3806 1115 3878 paulv,
1132 3819 1233 3876 capa,
1252 3804 1280 3860 N
1297 3837 1307 3863 .
1323 3816 1359 3870 ss
1388 3765 1389 3769 Ἰ

366 3885 441 3953 seqq.

402 3968 471 4040 (ιε)
488 3971 566 4038 spec.
584 3969 656 4026 hud-
674 3983 724 4028 art.
741 3973 804 4042 484.
