2970 5018
393 429 1081 506 assecuraroars
1213 463 1243 533 7

249 667 366 718 uem..
395 644 685 717 Pasfiva-autem
712 645 926 713 assecuratio
957 645 1019 712 sua
1041 656 1172 716 natura
1192 647 1238 721 ad

249 769 488 828 mercaturam
519 783 593 828 non
616 758 796 850 pertinet,
823 758 981 848 adeoque
1005 756 1171 827 omnibus
1189 761 1240 829 li-

248 872 319 941 cita
330 872 494 961 videtur,
518 854 582 963 qui
600 879 805 940 contractus
826 870 918 937 inire
939 880 1047 961 atque
1067 867 1161 939 bona
1172 871 1240 941 ad-¹

239 987 452 1056 ministrare
476 985 652 1076 possunt3
682 1005 840 1072 namque
863 983 926 1072 qui
945 1006 1002 1050 res
1028 982 1108 1053 suas
1125 986 1239 1076 gerit,

246 1123 379 1190 easque
413 1097 658 1167 -assecurando
697 1105 823 1162 contra
859 1096 1021 1186 pericula
1049 1097 1244 1178 defendere

248 1224 426 1300 conatur,
462 1212 544 1278 iura
578 1217 748 1296 exercet,
778 1231 869 1299 quae
898 1231 942 1278 ex
973 1210 1050 1300 ipso
1081 1210 1239 1280 dominio

247 1325 440 1417 prossuunt
458 1323 563 1415 (16).

295 1437 364 1507 Sed
384 1435 597 1505 assecuratio
618 1434 763 1522 activa,
798 1457 889 1526 quae
911 1446 1135 1547 mercatuqae
1167 1460 1239 1509 na-

245 1563 367 1621 turam
387 1559 511 1638 ·atque
543 1547 636 1637 leges
668 1548 801 1637 recepit
813 1597 824 1636 ,
857 1548 901 1616 iis
933 1558 1075 1625 tantum
1096 1549 1241 1647 videtur

246 1660 439 1751 permissa,
463 1661 526 1751 qui
556 1661 624 1731 vel.
644 1662 836 1752 generatim
870 1663 996 1731 omnia
1016 1665 1240 1732 commercia

247 1773 452 1865 instituere,
498 1773 555 1843 vel
596 1775 634 1841 in
676 1774 790 1864 specie
836 1774 1082 1867 assecurandi
1121 1799 1240 1870 negoa

217 1900 219 1904 ’
246 1887 343 1954 tium
362 1909 546 1956 excercere
565 1888 730 1978 possunt.
783 1884 821 1952 Si
842 1887 953 1978 igitur
975 1891 1020 1957 ad
1043 1890 1240 1959 hancnor-

242 2023 339 2070 mam
370 2000 655 2068 assecuratorum
675 2000 845 2090 personas
865 1999 1123 2092 diiudicamus,
1151 2004 1239 2073 alias

243 2113 457 2185 offendimus
488 2114 638 2205 prorsus
670 2135 745 2198 non
773 2135 960 2204 capaces,
996 2116 1083 2184 alias
1106 2116 1238 2206 quibus

244 2227 488 2317 asseverandi
521 2226 713 2317 negotium
738 2226 883 2319 legibus
906 2238 962 2295 est
988 2228 1244 2320 prohibitum.¹

242 2339 380 2408 Earum
400 2350 520 2408 autem
548 2340 782 2430 personarum
804 2362 847 2419 ea
875 2351 930 2410 est
955 2341 1161 2430 diversitas,
1196 2354 1238 2410 ut

242 2442 408 2543 priorum
445 2453 657 2525 assecuratio
690 2452 930 2522 rescissionem
968 2453 1115 2540 subeat,
1148 2478 1238 2543 pos-

241 2563 415 2634 teriorum
460 2587 571 2652 vero,
609 2565 747 2637 servata
788 2573 997 2634 contractus
1029 2565 1238 2654 sanctitate,

241 2698 379 2770 poenae
411 2674 497 2767 legis
530 2677 740 2760 violatorem
773 2677 934 2747 subiiciat
959 2677 1066 2769 (17).
1294 2669 1297 2676 ’

290 2788 380 2858 Cum
410 2812 497 2859 vero
532 2789 663 2858 harum
683 2814 808 2863 rerum
827 2787 1000 2880 expofitio
1025 2784 1072 2858 ab
1093 2788 1238 2859 institu-

240 2901 270 2972 ti
304 2902 421 2971 nostri
447 2903 587 2972 ratione
614 2905 730 2971 aliena
752 2899 818 2991 fit,
845 2902 1043 2974 observasse
1063 2903 1234 2994 sufficiat,

240 3014 479 3104 legislatorem
493 3014 598 3088 Art0.
622 3017 669 3087 85
687 3015 733 3085 ab
754 3015 977 3085 assecuraudi
996 3017 1138 3108 negotio
1149 3041 1235 3110 pro·

244 3138 388 3196 xenetas
411 3131 647 3220 prohibuisse.
700 3128 778 3198 Illis
815 3129 934 3217 enim,
971 3152 1044 3219 quo
1077 3131 1235 3199 coniun-

240 3237 372 3314 ctiores
401 3245 658 3313 mercatoribus
682 3243 820 3332 essent,
854 3265 897 3311 eo
923 3242 1030 3310 latior
1060 3243 1107 3310 ad
1126 3242 1236 3311 salla-

185 3362 187 3367 ’
241 3351 332 3425 ciam
365 3350 581 3446 fraudesque
622 3358 680 3429 via
708 3366 861 3451 pateret.
913 3354 1091 3430 Prudenti
1123 3356 1236 3448 igitur

237 3460 384 3551 oonsilio
415 3486 461 3532 ex
491 3471 647 3557 antiquis
668 3469 805 3560 legibus
830 3469 890 3536 lex
910 3465 1052 3535 Gallica
1083 3469 1237 3557 repetita

237 3585 318 3666 est,
354 3598 401 3644 ne
431 3576 495 3668 qui
521 3578 677 3648 aliorum
708 3580 894 3648 commoda
923 3586 1078 3665 curant,
1109 3577 1167 3649 vel
1195 3578 1236 3646 in

1055 3704 1058 3711 .
1172 3688 1235 3785 ip-

273 3855 343 3923 (16)
360 3855 480 3922 Locus,
499 3854 530 3911 sd
549 3867 599 3910 art.
619 3865 679 3920 332.
704 3854 938 3937 rom.1v.u1›ag.
960 3867 1001 3923 15.
1105 3896 1109 3901 .

273 3939 342 4014 (17)
361 3943 476 4009 noent,
493 3941 527 3999 nd
544 3944 605 3997 An.
624 3940 726 4014 asel.
737 3941 759 3995 1.
