2970 5018
415 454 538 597 10'4'¹
620 487 716 559 uu
766 481 1248 557 surrento

407 700 452 770 iis
471 698 600 787 rebus,
629 722 719 791 quae
740 698 867 790 sponte
885 694 948 767 [ua
964 696 1068 766 facile
1091 704 1415 788 corrumpuntur,
1478 692 1481 697 ’

409 832 519 904 quem
540 811 608 899 iis,
637 835 728 902 quae
752 811 978 901 corruptioni
1002 812 1123 879 minus
1145 811 1228 878 sunt
1248 807 1418 877 obnoxi-

407 930 482 994 ae.‘
514 920 613 992 Hinc'
635 925 746 1014 igitur
772 933 957 1014 receptum
986 934 1073 1012 est,
1108 934 1151 993 ut
1181 924 1414 993 assecuretor

406 1038 502 1127 sese,
528 1061 597 1128 pro
620 1036 757 1106 diversa
779 1038 951 1105 mercium
977 1046 1136 1124 natura,
1162 1036 1220 1106 vel
1253 1037 1412 1105 omnino

406 1149 515 1221 huius
535 1149 739 1218 detrimenti
760 1151 1014 1237 restitutione,
1050 1151 1107 1220 vel
1141 1174 1183 1218 ee
1206 1148 1328 1217 saltem
1356 1149 1415 1218 h·-

406 1260 530 1350 beret‚
557 1284 650 1353 quae
682 1257 795 1330 certas
827 1262 1063 1353 definitasque
1094 1261 1298 1331 centefimas
1322 1284 1409 1330 non

406 1375 555 1444 excedit.
608 1373 676 1443 Sed
705 1376 840 1444 etiamfi
859 1376 945 1445 haec
978 1373 1156 1466 stipulatio
1186 1398 1262 1442 non
1285 1354 1428 1469 adda-¹

405 1501 490 1577 tur,
515 1487 735 1558 assecurator
756 1488 882 1558 tamen
897 1499 1128 1560 nontenetur
1139 1487 1184 1556 ad
1200 1488 1411 1557 resarcien-

404 1605 491 1672 dum
514 1603 710 1692 damnum,
739 1603 835 1693 quod
858 1625 903 1671 er
926 1603 1003 1693 ipsa
1031 1604 1085 1671 rei
1117 1611 1248 1669 natura
1277 1603 1410 1671 nasei-

406 1729 490 1806 tur,
518 1716 543 1786 fi
572 1717 649 1786 eius
672 1717 845 1808 originem
874 1715 1063 1784 manifeste
1092 1714 1248 1806 probare
1274 1715 1406 1806 postit-

294 1925 296 1929 .
405 1823 606 1902 Oum'vero
637 1829 683 1898 od
713 1828 805 1903 illud
831 1827 1059 1922 probandum
1086 1837 1296 1921 argumenta
1323 1852 1420 1929 uon!

402 1943 559 2033 adsunt,
583 1953 620 2011 et
644 1966 779 2012 merces
811 1966 939 2013 revera
960 1940 1091 2011 caustis
1115 1946 1273 2012 externis
1294 1941 1408 2011 dam-

403 2077 493 2126 uum
517 2065 685 2146 expertae
708 2055 859 2125 fuerunt
871 2106 883 2145 ‚
916 2056 1097 2148 praesumi
1130 2055 1255 2144 debet,
1293 2054 1407 2124 dam-

403 2191 494 2239 uum
513 2169 603 2237 illud
623 2169 746 2237 iisdem
775 2169 905 2240 caustis
933 2169 1092 2239 externis
1124 2168 1267 2237 illatum
1297 2168 1402 2258 esse,

403 2306 471 2354 nec
493 2283 620 2354 vitiola
639 2284 693 2351 rei
720 2293 853 2353 natura
874 2293 938 2352 aut
966 2269 1110 2353 interna
1141 2283 1404 2374 depravatione

403 2390 557 2491 produci
582 2397 694 2489 (5573
720 2395 813 2464 sede
832 2397 1037 2486 contrario,
1064 2395 1090 2464 fi
1111 2406 1260 2464 externa
1282 2395 1404 2465 detri-

405 2513 518 2582 menti
538 2512 660 2580 oausse
681 2509 833 2580 adfuisse
854 2533 930 2577 non
947 2509 1147 2601 probetur,
1173 2510 1263 2581 illud
1280 2509 1404 2580 inter-

401 2647 473 2694 nae
494 2627 548 2694 rei
567 2636 720 2695 naturae
737 2621 974 2694 tribuidebet
999 2623 1069 2714 (54
1081 2623 1117 2714 ).·

453 2735 630 2821 Quamvis
641 2738 751 2830 igitur
764 2789 775 2826 ‚
788 2747 831 2806 ut
843 2737 997 2808 vidimus
1009 2785 1021 2825 ,
1040 2737 1187 2809 interna
1198 2738 1251 2806 rei
1258 2735 1402 2826 depra-

402 2833 500 2918 tiatio
526 2834 627 2918 extra
658 2849 928 2919 assecurationis
959 2848 1089 2920 limites
1122 2851 1164 2923 fit
1187 2849 1324 2942 potita,
1339 2840 1413 2920 'ea'

403 2970 524 3030 tamen
546 2961 849 3035 ab‘assecuratore
871 2964 1092 3033 resarcienda
1119 2974 1193 3052 est,
1219 2961 1400 3033 liexter-

401 3094 470 3144 nae
492 3085 528 3142 et
549 3073 721 3144 fortuitae
746 3076 892 3145 caussae
917 3077 1001 3146 huic
1021 3073 1248 3168 corruptioni
1269 3075 1418 3147 ensem*

399 3187 589 3257 dederunt.
640 3185 805 3279 Namque
841 3189 1150 3261 fiassecuratores
1180 3190 1276 3263 mala
1303 3189 1367 3263 itta
1381 3186 1410 3281 ,⁵

400 3324 495 3392 qnae
514 3301 609 3370 forte
626 3302 784 3370 accidere
809 3304 983 3394 possunt,
1009 3303 1049 3373 in
1076 3306 1119 3385 se,
1133 3305 1393 3396 suseeperunt,

401 3412 719 3508 consequens'est,
746 3425 809 3505 ut,
838 3439 930 3505 quae
950 3418 1080 3487 damna
1096 3417 1180 3488 inde
1201 3419 1367 3488 oriantur
1378 3445 1406 3508 ,·

399 3530 607 3623 resarcient.
658 3527 716 3601 Sic
739 3528 775 3602 v}
800 3554 855 3624 gr.
880 3530 905 3601 fi
928 3533 1031 3605 navis
1053 3514 1191 3602 arresto
1220 3531 1281 3604 vel
1300 3552 1397 3600 con-

1325 3641 1397 3713 fis-

433 3850 502 3918 (33)
531 3870 670 3912 sarnus.
689 3857 713 3909 1.
742 3857 804 3910 Pan
824 3869 863 3921 3.
886 3857 942 3910 Tit.
960 3869 993 3917 s,
1019 3859 1079 3927 54.
1101 3870 1129 3912 et
1152 3870 1196 3911 ns.
1213 3866 1250 3922 4,
1267 3849 1318 3918 obt
1334 3865 1397 3909 rem

398 3934 541 3988 iudicaram
560 3941 652 3992 refert.

430 4021 499 4086 (34)
525 4025 653 4078 rura-1
687 4025 738 4078 Cb.
759 4038 811 4085 ra,
829 4024 900 4079 Sace.
917 4037 952 4090 9,
971 4025 985 4094 ς
1001 4039 1029 4093 4.
