2970 5018
425 438 496 523 toti
619 432 720 526 ,Du
770 425 1200 509 PERICULO
1278 492 1283 497 .

420 670 513 742 pore
546 645 762 737 subscriptae
793 644 955 736 polizzae
982 641 1214 736 ignoraverit.
1277 637 1434 713 Omissa

421 761 533 853 igitur
556 761 646 829 haec
672 759 863 851 defignatio
895 782 970 827 non
990 781 1073 826 eum
1091 755 1199 826 habet
1221 753 1426 846 effectum,

423 886 468 953 ut
495 874 711 946 assecuratio
740 872 843 941 nulla
861 870 946 959 fiat,
970 871 1029 941 ied
1048 849 1310 955 assecuratoree
1333 881 1430 969 tan-

424 998 504 1056 tum
539 1012 563 1055 a
592 985 815 1057 resarciendo
845 985 974 1054 harum
1006 985 1180 1054 mercium
1210 983 1349 1053 damno·
1375 983 1433 1053 li-

425 1100 540 1174 berat.
610 1100 819 1169 Praemium
864 1098 1107 1168 indemnitatis
1139 1099 1285 1167 nomine
1325 1096 1436 1167 aoso-

426 1215 588 1295 onratori
620 1214 737 1301 cedit,
765 1235 848 1282 eum
877 1213 1051 1282 iniustum
1074 1213 1163 1283 esset
1180 1214 1432 1283 assecuratum

427 1332 497 1405 iese
550 1327 678 1396 fraude
720 1326 784 1398 sua
822 1324 1040 1418 obligatione
1075 1327 1186 1418 ¹posse
1226 1326 1432 1398 exsolvere.

428 1443 549 1517 Cessat
577 1451 697 1509 autem
728 1439 791 1513 illa
808 1437 944 1509 fraudis
965 1442 1206 1532 praesumtio,
1233 1439 1259 1510 fi
1280 1439 1432 1517 assecuq

428 1568 531 1628 ratus
573 1553 607 1623 se
649 1553 820 1629 mercium
861 1563 1029 1624 naturam
1060 1554 1249 1649 ignorasse,
1266 1553 1431 1648 probat,

429 1669 489 1744 vel
534 1667 561 1738 fi
600 1667 677 1736 eius
714 1667 919 1760 ignorantia
960 1669 1050 1738 iuria
1085 1671 1300 1740 auctoritate
1341 1691 1433 1741 oon·

428 1764 597 1878 bimetur
632 1782 739 1874 (55).
769 1819 817 1833 -
842 1779 1017 1869 Quamvis
1044 1783 1155 1875 igitur
1181 1807 1223 1854 ea
1243 1783 1286 1852 fit
1305 1782 1433 1876 legum

433 1895 662 1983 constitutio,
683 1905 725 1965 ut
746 1895 930 1986 pericula,
955 1919 1048 1986 quae
1069 1897 1115 1966 ab
1132 1897 1244 1990 ipiiue
1263 1897 1317 1966 rei
1333 1896 1434 1967 vitio

431 2019 648 2098 metuuntur¹
659 2057 672 2096 ,
703 2009 965 2095 assecuratione
999 2032 1073 2079 non
1097 2011 1433 2105 comprehendant,

431 2144 475 2206 ea
496 2135 616 2195 tamen
645 2145 721 2191 non
753 2124 901 2200 omnino
933 2121 1130 2193 assecurari
1158 2123 1432 2217 prohibentur,

348 2300 351 2311 .
434 2238 572 2311 fiillud
601 2235 898 2311 contrahentibus
919 2239 1071 2329 placeat.
1122 2237 1178 2306 Ea
1209 2239 1308 2307 enim
1330 2240 1436 2309 aase-

435 2353 597 2441 euratio,
621 2351 706 2421 licet
726 2348 885 2419 sortasfis
909 2352 976 2422 usu
999 2374 1075 2421 non
1095 2351 1139 2421 fit
1160 2364 1328 2446 recepta,
1352 2378 1436 2426 non

435 2468 547 2561 magis
575 2458 801 2557 reprobanda
826 2460 938 2552 esset,
965 2488 1073 2555 quam
1097 2488 1161 2555 ea,
1187 2488 1260 2559 qua
1291 2488 1438 2539 navar-

435 2582 493 2652 chi
512 2591 550 2650 et
563 2589 757 2649 nautarum
779 2569 959 2646 barateria
981 2579 1174 2672 suscipitur
1200 2579 1309 2673 (56).
1343 2632 1348 2645 .

444 2733 450 2747 ι
485 2694 689 2765 Secundum
726 2713 932 2763 ammom
968 2692 1179 2765 seutentiam
1204 2688 1436 2764 assecuratio·-

416 2831 520 2881 .rum
545 2806 707 2899 periculo
732 2830 809 2876 non
833 2816 888 2874 eet
911 2805 1055 2877 interna
1076 2808 1246 2879 mercium
1267 2826 1439 2898 eorrup-

437 2922 514 3009 tio,
572 2921 632 2990 oui
671 2921 780 2993 maris
827 2918 974 3010 aliquod
1018 2920 1256 2992 infortunium
1304 2919 1434 2992 ansam

438 3031 629 3127 praebuit,
665 3033 731 3103 nifi
765 3031 1009 3107 infortunium
1044 3032 1133 3101 illud
1167 3031 1289 3101 damni
1325 3035 1436 3111 eausa

400 3174 404 3180 “
439 3148 574 3217 directa
609 3154 646 3216 et
678 3146 844 3238 proxima
873 3148 985 3219 suerit
1017 3142 1134 3238 (57).
1175 3143 1234 3215 Sic
1258 3169 1294 3220 v.
1321 3171 1375 3239 gr.
1405 3148 1434 3219 ti

323 3322 331 3331 .
441 3261 543 3332 navia
556 3309 568 3348 ,
581 3259 745 3351 impolito
764 3272 930 3351 arnosto,
949 3278 1068 3329 moras
1079 3259 1291 3330 contrahere
1299 3258 1433 3351 debet,

435 3397 577 3455 ‚meroen
608 3383 728 3483 autem
764 3374 938 3447 eiusmodi
962 3373 1069 3464 funt,
1094 3383 1139 3447 ut
1160 3373 1248 3448 titia
1270 3375 1310 3451 in
1333 3374 1438 3466 ipsa-

1348 3509 1437 3562 rum

474 3709 545 3778 (35)
569 3708 667 3765 zoen!
694 3707 787 3774 aspro
811 3719 864 3762 etc.
888 3708 968 3763 Tom.
996 3709 1044 3763 IV.
1070 3706 1103 3762 ati
1129 3709 1190 3764 Art.
1209 3720 1257 3775 355
1292 3722 1351 3776 pag.
1368 3723 1438 3777 ¹⁴3·

468 3795 545 3865 ¹(36)
564 3811 658 3852 zatun.
678 3789 700 3846 l.
716 3793 767 3847 Ch,
788 3807 830 3847 ια.
850 3794 918 3848 Sect.
938 3807 955 3860 9
982 3794 996 3862 ς
1013 3803 1035 3846 ι.

475 3880 545 3946 (37)
563 3894 661 3935 ineu.
685 3880 708 3932 1.
731 3878 772 3934 Cb
811 3892 852 3932 ια.
869 3880 928 3931 Stet
957 3881 1060 3950 3054
1092 3879 1439 3934 Sausteconcoursdtuct

442 3966 618 4018 emim
634 3963 939 4035 d‘aueiorcemtem,
970 4027 981 4036 ἢ
1086 4002 1102 4034 ,·
1433 3994 1436 3999 ·
