2970 5018
364 463 414 556 aa
574 456 670 529 nn
719 453 1152 528 nnntcnno

364 671 578 752 auctoritate
623 670 681 743 vel
720 666 1042 758 smanandron,
1083 691 1131 738 ex
1165 667 1277 761 ipsius
1310 673 1367 743 rei
1463 660 1466 665 ’

260 790 263 795 ’
367 782 638 857 circumstantiis
657 781 856 852 haurienda
890 781 986 851 sunt.
1037 780 1140 851 Haec
1168 785 1364 875 probatio,

367 921 460 994 quae
493 920 539 969 ex
562 897 698 966 idoneis
721 905 759 965 et
786 896 954 986 congruis
985 894 1258 967 circumstantiis
1285 900 1364 969 elici

367 1021 514 1108 potest,
548 1032 813 1101 nonnunquam
841 1008 986 1077 testium
1018 1009 1224 1100 probationi
1261 1023 1366 1083 ante-

368 1122 537 1218 ponenda
560 1123 633 1190 esse
655 1121 810 1202 videtur.
860 1119 1041 1191 Maiorem
1059 1134 1154 1194 certe
1172 1126 1217 1195 ad
1235 1126 1366 1218 persu-

370 1237 545 1313 adendam
571 1234 698 1303 iudicio
723 1234 976 1307 conscientiam
1000 1237 1073 1304 vim
1103 1235 1233 1327 habet,
1259 1262 1367 1330 quam

374 1352 521 1423 testium
539 1347 734 1440 probatio,
754 1347 780 1416 fi
797 1347 884 1419 haec
901 1347 1172 1420 circumstantiis
1192 1375 1268 1422 non
1278 1377 1370 1423 con-

370 1464 537 1535 firmatur
563 1462 666 1550 (64).

419 1576 512 1649 Cum
540 1597 629 1648 vero
658 1573 703 1644 ad
739 1573 968 1667 probandum
1000 1589 1218 1671 argumenta
1247 1577 1371 1650 defici-

372 1701 455 1781 ant,
480 1689 585 1760 alteri
613 1689 902 1760 contrahentium
932 1689 978 1759 ab
1007 1692 1122 1762 altero
1153 1694 1294 1787 exigere
1322 1696 1371 1764 li·

371 1815 450 1894 oet,
476 1814 518 1873 ut
541 1803 775 1873 iurisiurandi
808 1804 992 1872 sanctitate
1025 1804 1206 1895 affirmet,
1232 1809 1266 1877 se
1286 1819 1371 1877 ante

372 1927 593 1990 contractam
646 1917 941 1986 assecurationem
987 1928 1157 1990 eventum
1190 1919 1371 2010 ignorasse

375 2031 480 2126 (65).
531 2028 732 2117 Quaeritur
753 2042 901 2122 autem,
919 2050 1007 2101 num
1029 2031 1056 2101 n
1081 2033 1162 2124 quis
1182 2033 1372 2103 iusiuran-

372 2145 460 2217 dum
484 2144 726 2234 recusaverit,
751 2146 836 2215 inde
861 2147 905 2216 de
934 2146 1078 2241 fraude
1101 2147 1178 2215 eiua
1209 2145 1371 2238 constet,
1399 2168 1404 2175 ’

371 2261 459 2330 adeo
484 2269 527 2328 ut
552 2258 597 2327 ad
627 2257 730 2349 dupli
757 2261 912 2350 praemii
940 2259 1152 2331 solutionem
1172 2263 1371 2333 teneatur?

373 2393 590 2446 rornrntuuo
615 2369 769 2439 affirmat
794 2373 910 2466 (66),
948 2376 1103 2469 eiusque
1123 2373 1371 2446 sententiani-

374 2491 467 2559 titnr
486 2486 512 2558 l.
537 2487 587 2575 5,
609 2488 632 2580 ·§
666 2483 750 2553 rff.
775 2484 820 2554 de
850 2485 983 2577 iurei.‚
1009 2489 1073 2558 ubi
1097 2488 1140 2558 de
1160 2488 1372 2559 iureiuran-

238 2650 241 2657 -
375 2605 421 2672 do
458 2600 602 2693 agitur,
642 2600 739 2691 quod
777 2598 817 2668 in
849 2601 994 2691 poenali
1024 2604 1165 2673 actione
1196 2603 1369 2671 defertur.

374 2715 468 2783 Cum
493 2717 579 2783 ve'ro
607 2712 684 2805 ipsa
714 2713 773 2781 lex
799 2712 893 2783 dieat
914 2736 962 2782 en
979 2737 1044 2784 cae
1065 2717 1274 2808 depreuva
1299 2737 1372 2805 po—

374 2828 447 2896 tior
482 2825 624 2896 videtur
665 2829 847 2901 contraria
884 2829 1072 2900 sententia.
1130 2826 1372 2897 Inriainrandi

377 2941 473 3010 enim
513 2937 688 3010 recusatio
722 2963 792 3031 pro
820 2937 1034 3033 probatione
1052 2942 1215 3036 fraudis
1247 2939 1373 3009 haberi

374 3077 452 3122 non
483 3060 632 3142 potest,
664 3050 691 3120 fi
729 3055 925 3145 cogitamus
937 3107 949 3146 ,
985 3056 1142 3148 aliquem
1170 3055 1289 3128 varias
1324 3053 1372 3122 ob

377 3167 536 3253 caussae,
570 3186 607 3237 v
642 3186 696 3254 gr.
731 3165 777 3233 ob
813 3169 1022 3262 religionem
1054 3169 1114 3242 'vel
1147 3171 1232 3262 quia
1262 3169 1307 3237 de
1331 3190 1373 3238 ra

376 3280 540 3368 dubitat,
564 3275 611 3346 ab
634 3277 711 3345 eiua
738 3283 981 3372 praestatione
1011 3282 1176 3354 desistere
1198 3283 1369 3376 potuisse.

425 3395 571 3483 Poena,
598 3413 689 3486 quae
720 3405 804 3486 post
829 3395 1018 3487 probatam
1046 3407 1197 3473 eventus
1228 3396 1376 3467 seienti-

1288 3530 1370 3601 am,
1469 3599 1478 3616 ·

399 3731 482 3871 1(61.1ιι)
499 3747 655 3802 aaaron,
671 3734 720 3794 111.
735 3749 795 3806 pag.
822 3744 988 3806 rys-rpo,
1005 3737 1054 3807 qni
1070 3736 1374 3809 illodpnecinoexero
1419 3766 1420 3771 κ

378 3831 426 3888 po
476 3833 569 3874 uotrat.

413 3900 805 3976 (65)ann.ct.15.sece
823 3905 852 3969 6.
886 3906 944 3964 Lex
960 3905 1045 3964 Anst.
1062 3918 1114 3964 arn
1132 3919 1178 3966 ar.

413 3985 482 4054 (66)
500 3985 556 4041 No.
568 3989 617 4045 τό.
