<?xml version="1.0" encoding="UTF-8"?>
<!DOCTYPE html PUBLIC "-//W3C//DTD XHTML 1.0 Transitional//EN"
    "http://www.w3.org/TR/xhtml1/DTD/xhtml1-transitional.dtd">
<html xmlns="http://www.w3.org/1999/xhtml" xml:lang="en" lang="en">
 <head>
  <title>
</title>
<meta http-equiv="Content-Type" content="text/html;charset=utf-8" />
  <meta name='ocr-system' content='tesseract 3.04.00' />
  <meta name='ocr-capabilities' content='ocr_page ocr_carea ocr_par ocr_line ocrx_word'/>
</head>
<body>
  <div class='ocr_page' id='page_1' title='image "./depericuloquoda00backgoog_0117.png"; bbox 0 0 2970 5018; ppageno 0'>
   <div class='ocr_carea' id='block_1_1' title="bbox 245 405 1137 563">
    <p class='ocr_par' dir='ltr' id='par_1_1' title="bbox 245 405 1137 563">
     <span class='ocr_line' id='line_1_1' title="bbox 245 405 1137 563; baseline -0.006 -36"><span class='ocrx_word' id='word_1_1' title='bbox 245 457 292 550; x_wconf 78' lang='lat'><strong>7⁶</strong></span> <span class='ocrx_word' id='word_1_2' title='bbox 447 405 1137 563; x_wconf 25' lang='lat' dir='ltr'><strong>Dnennicnno‘,</strong></span> 
     </span>
    </p>
   </div>
   <div class='ocr_carea' id='block_1_2' title="bbox 236 663 1241 1890">
    <p class='ocr_par' dir='ltr' id='par_1_2' title="bbox 236 663 1241 1890">
     <span class='ocr_line' id='line_1_2' title="bbox 241 663 1241 757; baseline -0.003 -19"><span class='ocrx_word' id='word_1_3' title='bbox 241 668 374 738; x_wconf 87' lang='lat' dir='ltr'><strong>endum</strong></span> <span class='ocrx_word' id='word_1_4' title='bbox 395 676 473 753; x_wconf 84' lang='lat' dir='ltr'><strong>est,</strong></span> <span class='ocrx_word' id='word_1_5' title='bbox 498 688 570 756; x_wconf 90' lang='lat' dir='ltr'><strong>quo</strong></span> <span class='ocrx_word' id='word_1_6' title='bbox 594 665 674 733; x_wconf 86' lang='lat' dir='ltr'><strong>casu</strong></span> <span class='ocrx_word' id='word_1_7' title='bbox 694 663 883 753; x_wconf 82' lang='lat' dir='ltr'><strong>amissum,</strong></span> <span class='ocrx_word' id='word_1_8' title='bbox 908 664 1005 755; x_wconf 90' lang='lat' dir='ltr'><strong>quod</strong></span> <span class='ocrx_word' id='word_1_9' title='bbox 1016 663 1099 755; x_wconf 91' lang='lat' dir='ltr'><strong>quis</strong></span> <span class='ocrx_word' id='word_1_10' title='bbox 1111 664 1241 757; x_wconf 87' lang='lat' dir='ltr'><strong>spera·</strong></span> 
     </span>
     <span class='ocr_line' id='line_1_3' title="bbox 240 776 1238 868; baseline -0.003 -17"><span class='ocrx_word' id='word_1_11' title='bbox 240 793 343 853; x_wconf 81' lang='lat' dir='ltr'><strong>verat</strong></span> <span class='ocrx_word' id='word_1_12' title='bbox 367 780 534 866; x_wconf 87' lang='lat' dir='ltr'><strong>lucrum,</strong></span> <span class='ocrx_word' id='word_1_13' title='bbox 567 776 612 845; x_wconf 88' lang='lat' dir='ltr'><strong>ab</strong></span> <span class='ocrx_word' id='word_1_14' title='bbox 633 777 873 845; x_wconf 85' lang='lat' dir='ltr'><strong>assecuratore</strong></span> <span class='ocrx_word' id='word_1_15' title='bbox 891 776 934 846; x_wconf 85' lang='lat' dir='ltr'><strong>fit</strong></span> <span class='ocrx_word' id='word_1_16' title='bbox 952 778 1238 868; x_wconf 84' lang='lat' dir='ltr'><strong>resarciendum,</strong></span> 
     </span>
     <span class='ocr_line' id='line_1_4' title="bbox 241 871 1238 989; baseline -0.001 -25"><span class='ocrx_word' id='word_1_17' title='bbox 241 896 400 989; x_wconf 86' lang='lat' dir='ltr'><strong>quidque</strong></span> <span class='ocrx_word' id='word_1_18' title='bbox 425 871 561 960; x_wconf 73' lang='lat' dir='ltr'><strong>iustum</strong></span> <span class='ocrx_word' id='word_1_19' title='bbox 592 891 634 958; x_wconf 80' lang='lat' dir='ltr'><strong>fit</strong></span> <span class='ocrx_word' id='word_1_20' title='bbox 664 893 702 957; x_wconf 88' lang='lat' dir='ltr'><strong>in</strong></span> <span class='ocrx_word' id='word_1_21' title='bbox 733 889 952 958; x_wconf 78' lang='lat' dir='ltr'><strong>aestimando</strong></span> <span class='ocrx_word' id='word_1_22' title='bbox 981 890 1085 960; x_wconf 87' lang='lat' dir='ltr'>lucro</span> <span class='ocrx_word' id='word_1_23' title='bbox 1106 899 1238 963; x_wconf 90' lang='lat' dir='ltr'><strong>merci-</strong></span> 
     </span>
     <span class='ocr_line' id='line_1_5' title="bbox 239 996 1235 1100; baseline -0.004 -21"><span class='ocrx_word' id='word_1_24' title='bbox 239 996 328 1097; x_wconf 81' lang='lat' dir='ltr'><strong>um,</strong></span> <span class='ocrx_word' id='word_1_25' title='bbox 365 1027 456 1099; x_wconf 85' lang='lat' dir='ltr'><strong>quae</strong></span> <span class='ocrx_word' id='word_1_26' title='bbox 497 1003 618 1073; x_wconf 88' lang='lat' dir='ltr'><strong>locum</strong></span> <span class='ocrx_word' id='word_1_27' title='bbox 651 1001 893 1097; x_wconf 81' lang='lat' dir='ltr'><strong>destinationis</strong></span> <span class='ocrx_word' id='word_1_28' title='bbox 920 1027 996 1073; x_wconf 88' lang='lat' dir='ltr'><strong>non</strong></span> <span class='ocrx_word' id='word_1_29' title='bbox 1030 1007 1235 1100; x_wconf 80' lang='lat' dir='ltr'><strong>attingunt3</strong></span> 
     </span>
     <span class='ocr_line' id='line_1_6' title="bbox 239 1116 1236 1214; baseline -0.002 -22"><span class='ocrx_word' id='word_1_30' title='bbox 239 1126 277 1192; x_wconf 86' lang='lat' dir='ltr'><strong>in</strong></span> <span class='ocrx_word' id='word_1_31' title='bbox 291 1145 363 1214; x_wconf 86' lang='lat' dir='ltr'><strong>qua</strong></span> <span class='ocrx_word' id='word_1_32' title='bbox 388 1117 530 1210; x_wconf 86' lang='lat' dir='ltr'><strong>quidem</strong></span> <span class='ocrx_word' id='word_1_33' title='bbox 550 1116 795 1185; x_wconf 81' lang='lat' dir='ltr'><strong>aestimatione</strong></span> <span class='ocrx_word' id='word_1_34' title='bbox 815 1139 890 1184; x_wconf 91' lang='lat' dir='ltr'><strong>non</strong></span> <span class='ocrx_word' id='word_1_35' title='bbox 913 1127 1054 1187; x_wconf 83' lang='lat' dir='ltr'><strong>tantum</strong></span> <span class='ocrx_word' id='word_1_36' title='bbox 1078 1120 1236 1211; x_wconf 87' lang='lat' dir='ltr'><strong>ipsarum</strong></span> 
     </span>
     <span class='ocr_line' id='line_1_7' title="bbox 239 1228 1236 1325; baseline -0.006 -18"><span class='ocrx_word' id='word_1_37' title='bbox 239 1237 433 1321; x_wconf 85' lang='lat' dir='ltr'><strong>mercium,</strong></span> <span class='ocrx_word' id='word_1_38' title='bbox 457 1252 583 1299; x_wconf 83' lang='lat' dir='ltr'><strong>verum</strong></span> <span class='ocrx_word' id='word_1_39' title='bbox 606 1232 710 1298; x_wconf 84' lang='lat' dir='ltr'><strong>etiam</strong></span> <span class='ocrx_word' id='word_1_40' title='bbox 730 1229 821 1325; x_wconf 77' lang='lat' dir='ltr'><strong>ratin</strong></span> <span class='ocrx_word' id='word_1_41' title='bbox 841 1228 1004 1299; x_wconf 82' lang='lat' dir='ltr'><strong>habenda</strong></span> <span class='ocrx_word' id='word_1_42' title='bbox 1017 1242 1071 1300; x_wconf 89' lang='lat' dir='ltr'><strong>est</strong></span> <span class='ocrx_word' id='word_1_43' title='bbox 1092 1242 1236 1324; x_wconf 87' lang='lat' dir='ltr'><strong>tempo-</strong></span> 
     </span>
     <span class='ocr_line' id='line_1_8' title="bbox 238 1342 1235 1439; baseline -0.003 -21"><span class='ocrx_word' id='word_1_44' title='bbox 238 1353 313 1435; x_wconf 89' lang='lat' dir='ltr'><strong>ris,</strong></span> <span class='ocrx_word' id='word_1_45' title='bbox 339 1371 435 1439; x_wconf 85' lang='lat' dir='ltr'><strong>quo,</strong></span> <span class='ocrx_word' id='word_1_46' title='bbox 461 1343 526 1412; x_wconf 88' lang='lat' dir='ltr'><strong>nifi</strong></span> <span class='ocrx_word' id='word_1_47' title='bbox 537 1344 749 1433; x_wconf 84' lang='lat' dir='ltr'><strong>periissent,</strong></span> <span class='ocrx_word' id='word_1_48' title='bbox 780 1342 963 1412; x_wconf 86' lang='lat' dir='ltr'><strong>inlocum</strong></span> <span class='ocrx_word' id='word_1_49' title='bbox 989 1344 1235 1416; x_wconf 83' lang='lat' dir='ltr'><strong>destinationis</strong></span> 
     </span>
     <span class='ocr_line' id='line_1_9' title="bbox 237 1456 1234 1534; baseline -0.005 0"><span class='ocrx_word' id='word_1_50' title='bbox 237 1466 352 1534; x_wconf 84' lang='lat' dir='ltr'><strong>essent</strong></span> <span class='ocrx_word' id='word_1_51' title='bbox 370 1470 505 1531; x_wconf 74' lang='lat' dir='ltr'><strong>vectae.</strong></span> <span class='ocrx_word' id='word_1_52' title='bbox 545 1456 706 1524; x_wconf 83' lang='lat' dir='ltr'><strong>Maxime</strong></span> <span class='ocrx_word' id='word_1_53' title='bbox 725 1456 832 1524; x_wconf 85' lang='lat' dir='ltr'><strong>etiam</strong></span> <span class='ocrx_word' id='word_1_54' title='bbox 852 1456 898 1526; x_wconf 85' lang='lat' dir='ltr'><strong>ad</strong></span> <span class='ocrx_word' id='word_1_55' title='bbox 918 1461 1095 1528; x_wconf 85' lang='lat' dir='ltr'><strong>rationem</strong></span> <span class='ocrx_word' id='word_1_56' title='bbox 1112 1472 1234 1530; x_wconf 77' lang='lat' dir='ltr'><strong>atten-</strong></span> 
     </span>
     <span class='ocr_line' id='line_1_10' title="bbox 236 1568 1236 1661; baseline -0.012 -17"><span class='ocrx_word' id='word_1_57' title='bbox 236 1573 391 1645; x_wconf 86' lang='lat' dir='ltr'><strong>dendum</strong></span> <span class='ocrx_word' id='word_1_58' title='bbox 404 1580 479 1658; x_wconf 84' lang='lat' dir='ltr'><strong>est,</strong></span> <span class='ocrx_word' id='word_1_59' title='bbox 495 1595 567 1661; x_wconf 91' lang='lat' dir='ltr'><strong>qua</strong></span> <span class='ocrx_word' id='word_1_60' title='bbox 582 1573 620 1638; x_wconf 92' lang='lat' dir='ltr'><strong>in</strong></span> <span class='ocrx_word' id='word_1_61' title='bbox 642 1568 868 1639; x_wconf 86' lang='lat' dir='ltr'><strong>resarciendo</strong></span> <span class='ocrx_word' id='word_1_62' title='bbox 886 1569 990 1639; x_wconf 80' lang='lat' dir='ltr'><strong>lucro</strong></span> <span class='ocrx_word' id='word_1_63' title='bbox 1004 1574 1131 1643; x_wconf 83' lang='lat' dir='ltr'><strong>amisso</strong></span> <span class='ocrx_word' id='word_1_64' title='bbox 1147 1597 1236 1646; x_wconf 84' lang='lat' dir='ltr'><strong>ver..</strong></span> 
     </span>
     <span class='ocr_line' id='line_1_11' title="bbox 236 1684 589 1780; baseline -0.017 -23"><span class='ocrx_word' id='word_1_65' title='bbox 236 1688 305 1757; x_wconf 80' lang='lat' dir='ltr'><strong>sari</strong></span> <span class='ocrx_word' id='word_1_66' title='bbox 329 1695 474 1779; x_wconf 73' lang='lat' dir='ltr'><strong>opomet</strong></span> <span class='ocrx_word' id='word_1_67' title='bbox 499 1684 589 1780; x_wconf 77' lang='lat'><strong>(47).</strong></span> 
     </span>
     <span class='ocr_line' id='line_1_12' title="bbox 283 1795 770 1890; baseline -0.006 -20"><span class='ocrx_word' id='word_1_68' title='bbox 283 1803 288 1813; x_wconf 86' lang='grc'><em>“</em></span> <span class='ocrx_word' id='word_1_69' title='bbox 694 1795 770 1890; x_wconf 64' lang='lat' dir='ltr'><strong>§ln</strong></span> 
     </span>
    </p>
   </div>
   <div class='ocr_carea' id='block_1_3' title="bbox 270 2022 1192 2208">
    <p class='ocr_par' dir='ltr' id='par_1_3' title="bbox 270 2022 1192 2208">
     <span class='ocr_line' id='line_1_13' title="bbox 270 2022 1192 2114; baseline 0.002 -22"><span class='ocrx_word' id='word_1_70' title='bbox 270 2025 332 2098; x_wconf 86' lang='lat' dir='ltr'><strong>De</strong></span> <span class='ocrx_word' id='word_1_71' title='bbox 357 2024 637 2114; x_wconf 79' lang='lat' dir='ltr'><strong>assecuratione</strong></span> <span class='ocrx_word' id='word_1_72' title='bbox 656 2023 842 2114; x_wconf 78' lang='lat' dir='ltr'><strong>pecuniae</strong></span> <span class='ocrx_word' id='word_1_73' title='bbox 858 2022 934 2114; x_wconf 81' lang='lat' dir='ltr'><strong>sub</strong></span> <span class='ocrx_word' id='word_1_74' title='bbox 959 2022 1192 2094; x_wconf 76' lang='lat' dir='ltr'><strong>bodemeriae</strong></span> 
     </span>
     <span class='ocr_line' id='line_1_14' title="bbox 513 2137 953 2208; baseline -0.009 0"><span class='ocrx_word' id='word_1_75' title='bbox 513 2137 662 2208; x_wconf 76' lang='lat' dir='ltr'><strong>vinculo</strong></span> <span class='ocrx_word' id='word_1_76' title='bbox 686 2137 953 2207; x_wconf 71' lang='lat' dir='ltr'><strong>cornmodatae.</strong></span> 
     </span>
    </p>
   </div>
   <div class='ocr_carea' id='block_1_4' title="bbox 235 2362 1249 2681">
    <p class='ocr_par' dir='ltr' id='par_1_4' title="bbox 235 2362 1249 2681">
     <span class='ocr_line' id='line_1_15' title="bbox 281 2362 1226 2455; baseline 0.001 -24"><span class='ocrx_word' id='word_1_77' title='bbox 281 2362 373 2432; x_wconf 88' lang='lat' dir='ltr'><strong>Cum</strong></span> <span class='ocrx_word' id='word_1_78' title='bbox 398 2362 444 2431; x_wconf 89' lang='lat' dir='ltr'><strong>ad</strong></span> <span class='ocrx_word' id='word_1_79' title='bbox 467 2362 638 2431; x_wconf 83' lang='lat' dir='ltr'><strong>tuendam</strong></span> <span class='ocrx_word' id='word_1_80' title='bbox 657 2363 926 2433; x_wconf 82' lang='lat' dir='ltr'><strong>assecurationis</strong></span> <span class='ocrx_word' id='word_1_81' title='bbox 943 2371 1109 2431; x_wconf 83' lang='lat' dir='ltr'><strong>naturam</strong></span> <span class='ocrx_word' id='word_1_82' title='bbox 1133 2386 1226 2455; x_wconf 88' lang='lat' dir='ltr'>pro-</span> 
     </span>
     <span class='ocr_line' id='line_1_16' title="bbox 235 2459 1249 2567; baseline 0 -21"><span class='ocrx_word' id='word_1_83' title='bbox 235 2476 389 2546; x_wconf 86' lang='lat' dir='ltr'><strong>hibenda</strong></span> <span class='ocrx_word' id='word_1_84' title='bbox 413 2475 545 2544; x_wconf 72' lang='lat' dir='ltr'><strong>lintea</strong></span> <span class='ocrx_word' id='word_1_85' title='bbox 568 2467 895 2565; x_wconf 78' lang='lat' dir='ltr'><strong>periculiobiecta,</strong></span> <span class='ocrx_word' id='word_1_86' title='bbox 927 2499 1019 2567; x_wconf 86' lang='lat' dir='ltr'><strong>quae</strong></span> <span class='ocrx_word' id='word_1_87' title='bbox 1045 2459 1249 2552; x_wconf 50' lang='lat' dir='ltr'><strong>assecura-¹</strong></span> 
     </span>
     <span class='ocr_line' id='line_1_17' title="bbox 235 2586 1225 2681; baseline -0.001 -23"><span class='ocrx_word' id='word_1_88' title='bbox 235 2591 325 2659; x_wconf 82' lang='lat' dir='ltr'><strong>toris</strong></span> <span class='ocrx_word' id='word_1_89' title='bbox 343 2590 511 2657; x_wconf 87' lang='lat' dir='ltr'><strong>damnum</strong></span> <span class='ocrx_word' id='word_1_90' title='bbox 538 2611 618 2656; x_wconf 88' lang='lat' dir='ltr'><strong>cum</strong></span> <span class='ocrx_word' id='word_1_91' title='bbox 638 2586 740 2655; x_wconf 88' lang='lat' dir='ltr'><strong>lucro</strong></span> <span class='ocrx_word' id='word_1_92' title='bbox 769 2588 959 2657; x_wconf 81' lang='lat' dir='ltr'><strong>assecurati</strong></span> <span class='ocrx_word' id='word_1_93' title='bbox 989 2593 1225 2681; x_wconf 80' lang='lat' dir='ltr'><strong>coniungant,</strong></span> 
     </span>
    </p>
   </div>
   <div class='ocr_carea' id='block_1_5' title="bbox 235 2703 1231 2883">
    <p class='ocr_par' dir='ltr' id='par_1_5' title="bbox 235 2703 1231 2883">
     <span class='ocr_line' id='line_1_18' title="bbox 235 2703 1231 2815; baseline -0.002 -44"><span class='ocrx_word' id='word_1_94' title='bbox 235 2705 363 2772; x_wconf 85' lang='lat' dir='ltr'><strong>merito</strong></span> <span class='ocrx_word' id='word_1_95' title='bbox 387 2705 481 2796; x_wconf 84' lang='lat' dir='ltr'><strong>leges</strong></span> <span class='ocrx_word' id='word_1_96' title='bbox 495 2703 690 2771; x_wconf 83' lang='lat' dir='ltr'><strong>assecurari</strong></span> <span class='ocrx_word' id='word_1_97' title='bbox 713 2711 906 2815; x_wconf 66' lang='lat' dir='ltr'><strong>vetuerunt</strong></span> <span class='ocrx_word' id='word_1_98' title='bbox 929 2707 1119 2794; x_wconf 83' lang='lat' dir='ltr'><strong>pecuniam</strong></span> <span class='ocrx_word' id='word_1_99' title='bbox 1143 2727 1231 2770; x_wconf 81' lang='lat' dir='ltr'><strong>mn-</strong></span> 
     </span>
     <span class='ocr_line' id='line_1_19' title="bbox 1165 2828 1229 2883; baseline -0.016 0"><span class='ocrx_word' id='word_1_100' title='bbox 1165 2828 1229 2883; x_wconf 78' lang='lat' dir='ltr'><strong>tuo</strong></span> 
     </span>
    </p>
   </div>
   <div class='ocr_carea' id='block_1_6' title="bbox 173 3085 1300 3922">
    <p class='ocr_par' dir='ltr' id='par_1_6' title="bbox 173 3085 1300 3922">
     <span class='ocr_line' id='line_1_20' title="bbox 269 3085 1229 3158; baseline 0.001 -16"><span class='ocrx_word' id='word_1_101' title='bbox 269 3087 339 3158; x_wconf 84' lang='lat'>(47)</span> <span class='ocrx_word' id='word_1_102' title='bbox 356 3085 471 3142; x_wconf 77' lang='lat' dir='ltr'><strong>Edictis</strong></span> <span class='ocrx_word' id='word_1_103' title='bbox 486 3086 664 3145; x_wconf 73' lang='lat' dir='ltr'><strong>sntisvidetur</strong></span> <span class='ocrx_word' id='word_1_104' title='bbox 673 3091 791 3145; x_wconf 72' lang='lat' dir='ltr'><strong>constare</strong></span> <span class='ocrx_word' id='word_1_105' title='bbox 801 3092 827 3142; x_wconf 81' lang='lat' dir='ltr'><strong>in</strong></span> <span class='ocrx_word' id='word_1_106' title='bbox 837 3087 931 3141; x_wconf 76' lang='lat' dir='ltr'><strong>denno</strong></span> <span class='ocrx_word' id='word_1_107' title='bbox 939 3086 1103 3141; x_wconf 77' lang='lat' dir='ltr'><strong>resarciendo</strong></span> <span class='ocrx_word' id='word_1_108' title='bbox 1112 3102 1164 3143; x_wconf 88' lang='lat' dir='ltr'><strong>non</strong></span> <span class='ocrx_word' id='word_1_109' title='bbox 1174 3102 1229 3143; x_wconf 79' lang='lat' dir='ltr'><strong>tan·</strong></span> 
     </span>
     <span class='ocr_line' id='line_1_21' title="bbox 173 3170 1229 3248; baseline 0.001 -22"><span class='ocrx_word' id='word_1_110' title='bbox 173 3235 178 3248; x_wconf 26' lang='grc' dir='ltr'>ἱ</span> <span class='ocrx_word' id='word_1_111' title='bbox 234 3183 291 3226; x_wconf 76' lang='lat' dir='ltr'><strong>tum</strong></span> <span class='ocrx_word' id='word_1_112' title='bbox 305 3173 338 3225; x_wconf 75' lang='lat' dir='ltr'><strong>ad</strong></span> <span class='ocrx_word' id='word_1_113' title='bbox 356 3170 490 3226; x_wconf 79' lang='lat' dir='ltr'><strong>definitam</strong></span> <span class='ocrx_word' id='word_1_114' title='bbox 510 3186 560 3238; x_wconf 85' lang='lat' dir='ltr'><strong>pro</strong></span> <span class='ocrx_word' id='word_1_115' title='bbox 578 3171 654 3226; x_wconf 79' lang='lat' dir='ltr'><strong>lucro</strong></span> <span class='ocrx_word' id='word_1_116' title='bbox 670 3175 775 3244; x_wconf 72' lang='lat' dir='ltr'><strong>sperato</strong></span> <span class='ocrx_word' id='word_1_117' title='bbox 791 3170 916 3227; x_wconf 81' lang='lat' dir='ltr'><strong>summam</strong></span> <span class='ocrx_word' id='word_1_118' title='bbox 927 3170 1028 3235; x_wconf 56' lang='lat' dir='ltr'><strong>,attendi</strong></span> <span class='ocrx_word' id='word_1_119' title='bbox 1039 3170 1162 3236; x_wconf 83' lang='lat' dir='ltr'><strong>debere,</strong></span> <span class='ocrx_word' id='word_1_120' title='bbox 1184 3174 1229 3241; x_wconf 71' lang='lat' dir='ltr'><strong>sed</strong></span> 
     </span>
     <span class='ocr_line' id='line_1_22' title="bbox 235 3250 1226 3325; baseline 0.001 -14"><span class='ocrx_word' id='word_1_121' title='bbox 235 3258 358 3325; x_wconf 77' lang='lat' dir='ltr'><strong>inprimis</strong></span> <span class='ocrx_word' id='word_1_122' title='bbox 379 3258 505 3310; x_wconf 80' lang='lat' dir='ltr'><strong>rationem</strong></span> <span class='ocrx_word' id='word_1_123' title='bbox 527 3256 673 3310; x_wconf 79' lang='lat' dir='ltr'><strong>habendam</strong></span> <span class='ocrx_word' id='word_1_124' title='bbox 697 3258 755 3311; x_wconf 84' lang='lat' dir='ltr'><strong>esse</strong></span> <span class='ocrx_word' id='word_1_125' title='bbox 777 3256 867 3316; x_wconf 87' lang='lat' dir='ltr'><strong>lucri,</strong></span> <span class='ocrx_word' id='word_1_126' title='bbox 889 3254 964 3323; x_wconf 88' lang='lat' dir='ltr'><strong>quod</strong></span> <span class='ocrx_word' id='word_1_127' title='bbox 985 3250 1070 3311; x_wconf 42' lang='lat' dir='ltr'><strong>*salvis</strong></span> <span class='ocrx_word' id='word_1_128' title='bbox 1091 3257 1226 3314; x_wconf 85' lang='lat' dir='ltr'><strong>mercibus</strong></span> 
     </span>
     <span class='ocr_line' id='line_1_23' title="bbox 234 3332 1230 3410; baseline 0.003 -16"><span class='ocrx_word' id='word_1_129' title='bbox 234 3341 374 3395; x_wconf 81' lang='lat' dir='ltr'><strong>extitisset.</strong></span> <span class='ocrx_word' id='word_1_130' title='bbox 408 3343 510 3408; x_wconf 81' lang='lat' dir='ltr'><strong>sperati</strong></span> <span class='ocrx_word' id='word_1_131' title='bbox 534 3341 604 3393; x_wconf 87' lang='lat' dir='ltr'><strong>enim</strong></span> <span class='ocrx_word' id='word_1_132' title='bbox 627 3341 695 3394; x_wconf 83' lang='lat' dir='ltr'><strong>lucri</strong></span> <span class='ocrx_word' id='word_1_133' title='bbox 725 3340 861 3402; x_wconf 75' lang='lat' dir='ltr'><strong>damnum,</strong></span> <span class='ocrx_word' id='word_1_134' title='bbox 884 3341 957 3410; x_wconf 84' lang='lat' dir='ltr'><strong>quod</strong></span> <span class='ocrx_word' id='word_1_135' title='bbox 979 3344 1142 3397; x_wconf 79' lang='lat' dir='ltr'><strong>assecuratus</strong></span> <span class='ocrx_word' id='word_1_136' title='bbox 1165 3332 1230 3410; x_wconf 84' lang='lat' dir='ltr'><strong>pati·</strong></span> 
     </span>
     <span class='ocr_line' id='line_1_24' title="bbox 184 3415 1229 3494; baseline 0.001 -14"><span class='ocrx_word' id='word_1_137' title='bbox 184 3454 186 3459; x_wconf 88' lang='lat'><em>·</em></span> <span class='ocrx_word' id='word_1_138' title='bbox 234 3415 299 3490; x_wconf 70' lang='lat' dir='ltr'><strong>tur&#39;.</strong></span> <span class='ocrx_word' id='word_1_139' title='bbox 315 3426 415 3480; x_wconf 78' lang='lat' dir='ltr'><strong>abhoc</strong></span> <span class='ocrx_word' id='word_1_140' title='bbox 431 3425 507 3480; x_wconf 78' lang='lat' dir='ltr'><strong>lucri&gt;</strong></span> <span class='ocrx_word' id='word_1_141' title='bbox 524 3423 635 3494; x_wconf 80' lang='lat' dir='ltr'><strong>pendet,</strong></span> <span class='ocrx_word' id='word_1_142' title='bbox 668 3423 720 3478; x_wconf 87' lang='lat' dir='ltr'><strong>sed</strong></span> <span class='ocrx_word' id='word_1_143' title='bbox 738 3424 757 3478; x_wconf 81' lang='lat' dir='ltr'><strong>fi</strong></span> <span class='ocrx_word' id='word_1_144' title='bbox 774 3425 898 3489; x_wconf 82' lang='lat' dir='ltr'><strong>lucrum,</strong></span> <span class='ocrx_word' id='word_1_145' title='bbox 913 3427 986 3494; x_wconf 86' lang='lat' dir='ltr'><strong>quod</strong></span> <span class='ocrx_word' id='word_1_146' title='bbox 1003 3429 1082 3482; x_wconf 77' lang='lat' dir='ltr'><strong>salvis</strong></span> <span class='ocrx_word' id='word_1_147' title='bbox 1096 3430 1229 3483; x_wconf 72' lang='lat' dir='ltr'><strong>mercibus</strong></span> 
     </span>
     <span class='ocr_line' id='line_1_25' title="bbox 234 3508 1230 3578; baseline 0 -11"><span class='ocrx_word' id='word_1_148' title='bbox 234 3511 383 3574; x_wconf 80' lang='lat' dir='ltr'><strong>extitisset,</strong></span> <span class='ocrx_word' id='word_1_149' title='bbox 400 3509 534 3564; x_wconf 78' lang='lat' dir='ltr'><strong>definitam</strong></span> <span class='ocrx_word' id='word_1_150' title='bbox 550 3525 599 3577; x_wconf 86' lang='lat' dir='ltr'><strong>pro</strong></span> <span class='ocrx_word' id='word_1_151' title='bbox 613 3510 717 3578; x_wconf 74' lang='lat' dir='ltr'><strong>sperato</strong></span> <span class='ocrx_word' id='word_1_152' title='bbox 734 3508 944 3576; x_wconf 84' lang='lat' dir='ltr'><strong>lucrosummam</strong></span> <span class='ocrx_word' id='word_1_153' title='bbox 963 3513 1091 3578; x_wconf 80' lang='lat' dir='ltr'><strong>excedit,</strong></span> <span class='ocrx_word' id='word_1_154' title='bbox 1113 3527 1230 3567; x_wconf 66' lang='lat' dir='ltr'><strong>eamean·</strong></span> 
     </span>
     <span class='ocr_line' id='line_1_26' title="bbox 234 3596 1229 3666; baseline 0.001 -16"><span class='ocrx_word' id='word_1_155' title='bbox 234 3612 313 3666; x_wconf 74' lang='lat' dir='ltr'><strong>qnam</strong></span> <span class='ocrx_word' id='word_1_156' title='bbox 335 3599 476 3652; x_wconf 84' lang='lat' dir='ltr'><strong>terminum</strong></span> <span class='ocrx_word' id='word_1_157' title='bbox 505 3596 580 3658; x_wconf 81' lang='lat' dir='ltr'><strong>esse,</strong></span> <span class='ocrx_word' id='word_1_158' title='bbox 602 3596 672 3650; x_wconf 83' lang='lat' dir='ltr'><strong>ultre</strong></span> <span class='ocrx_word' id='word_1_159' title='bbox 701 3612 782 3665; x_wconf 89' lang='lat' dir='ltr'><strong>quem</strong></span> <span class='ocrx_word' id='word_1_160' title='bbox 806 3596 1152 3663; x_wconf 64' lang='lat' dir='ltr'><strong>assecuratorissesarcitio</strong></span> <span class='ocrx_word' id='word_1_161' title='bbox 1178 3613 1229 3651; x_wconf 91' lang='lat' dir='ltr'><strong>non</strong></span> 
     </span>
     <span class='ocr_line' id='line_1_27' title="bbox 232 3672 1223 3755; baseline -0.001 -20"><span class='ocrx_word' id='word_1_162' title='bbox 232 3681 397 3736; x_wconf 80' lang='lat' dir='ltr'><strong>extendenda</strong></span> <span class='ocrx_word' id='word_1_163' title='bbox 414 3695 472 3744; x_wconf 82' lang='lat' dir='ltr'><strong>est,</strong></span> <span class='ocrx_word' id='word_1_164' title='bbox 490 3681 569 3735; x_wconf 85' lang='lat' dir='ltr'><strong>facile</strong></span> <span class='ocrx_word' id='word_1_165' title='bbox 582 3672 751 3755; x_wconf 77' lang='lat' dir='ltr'><strong>inteiligitnr.</strong></span> <span class='ocrx_word' id='word_1_166' title='bbox 786 3683 867 3749; x_wconf 84' lang='lat' dir='ltr'>Apud</span> <span class='ocrx_word' id='word_1_167' title='bbox 883 3672 976 3738; x_wconf 72' lang='lat' dir='ltr'><strong>minitas</strong></span> <span class='ocrx_word' id='word_1_168' title='bbox 994 3697 1078 3737; x_wconf 79' lang='lat' dir='ltr'><strong>tamen</strong></span> <span class='ocrx_word' id='word_1_169' title='bbox 1093 3695 1181 3749; x_wconf 77' lang='lat' dir='ltr'><strong>gentes</strong></span> <span class='ocrx_word' id='word_1_170' title='bbox 1196 3699 1223 3735; x_wconf 89' lang='lat' dir='ltr'><strong>v.</strong></span> 
     </span>
     <span class='ocr_line' id='line_1_28' title="bbox 233 3764 1300 3836; baseline 0.002 -19"><span class='ocrx_word' id='word_1_171' title='bbox 233 3778 274 3830; x_wconf 78' lang='lat' dir='ltr'><strong>gr.</strong></span> <span class='ocrx_word' id='word_1_172' title='bbox 291 3766 362 3833; x_wconf 72' lang='lat' dir='ltr'><strong>apud</strong></span> <span class='ocrx_word' id='word_1_173' title='bbox 380 3767 499 3833; x_wconf 74' lang='lat' dir='ltr'><strong>Anglos,</strong></span> <span class='ocrx_word' id='word_1_174' title='bbox 522 3766 704 3833; x_wconf 74' lang='lat' dir='ltr'><strong>Hamburgos,</strong></span> <span class='ocrx_word' id='word_1_175' title='bbox 723 3778 750 3820; x_wconf 83' lang='lat' dir='ltr'><strong>ee</strong></span> <span class='ocrx_word' id='word_1_176' title='bbox 775 3767 802 3820; x_wconf 88' lang='lat' dir='ltr'><strong>in</strong></span> <span class='ocrx_word' id='word_1_177' title='bbox 824 3769 907 3834; x_wconf 77' lang='lat' dir='ltr'><strong>panis</strong></span> <span class='ocrx_word' id='word_1_178' title='bbox 931 3779 1145 3836; x_wconf 66' lang='lat' dir='ltr'><strong>qunquenosnn</strong></span> <span class='ocrx_word' id='word_1_179' title='bbox 1162 3764 1228 3819; x_wconf 77' lang='lat' dir='ltr'><strong>adeo</strong></span> <span class='ocrx_word' id='word_1_180' title='bbox 1299 3768 1300 3773; x_wconf 77' lang='grc'>’</span> 
     </span>
     <span class='ocr_line' id='line_1_29' title="bbox 234 3847 1228 3922; baseline -0.001 -19"><span class='ocrx_word' id='word_1_181' title='bbox 234 3848 268 3901; x_wconf 78' lang='lat' dir='ltr'><strong>eb</strong></span> <span class='ocrx_word' id='word_1_182' title='bbox 290 3850 344 3905; x_wconf 89' lang='lat' dir='ltr'><strong>hoc</strong></span> <span class='ocrx_word' id='word_1_183' title='bbox 368 3852 505 3922; x_wconf 78' lang='lat' dir='ltr'><strong>principio</strong></span> <span class='ocrx_word' id='word_1_184' title='bbox 531 3853 710 3918; x_wconf 66' lang='lat' dir='ltr'><strong>recenseant,</strong></span> <span class='ocrx_word' id='word_1_185' title='bbox 735 3853 818 3907; x_wconf 88' lang='lat' dir='ltr'><strong>utin</strong></span> <span class='ocrx_word' id='word_1_186' title='bbox 843 3851 1008 3908; x_wconf 76' lang='lat' dir='ltr'><strong>resarciendo</strong></span> <span class='ocrx_word' id='word_1_187' title='bbox 1031 3847 1128 3906; x_wconf 80' lang='lat' dir='ltr'><strong>misso</strong></span> <span class='ocrx_word' id='word_1_188' title='bbox 1151 3851 1228 3904; x_wconf 81' lang='lat' dir='ltr'>lucro</span> 
     </span>
    </p>
   </div>
   <div class='ocr_carea' id='block_1_7' title="bbox 1154 3936 1230 4025">
    <p class='ocr_par' dir='ltr' id='par_1_7' title="bbox 1154 3936 1230 4025">
     <span class='ocr_line' id='line_1_30' title="bbox 1154 3936 1230 4025; baseline 0.026 -36"><span class='ocrx_word' id='word_1_189' title='bbox 1154 4016 1157 4025; x_wconf 28' lang='grc'>1</span> <span class='ocrx_word' id='word_1_190' title='bbox 1174 3936 1230 4006; x_wconf 79' lang='lat' dir='ltr'><strong>pla·</strong></span> 
     </span>
    </p>
   </div>
   <div class='ocr_carea' id='block_1_8' title="bbox 0 0 1490 5018">
    <p class='ocr_par' dir='ltr' id='par_1_8' title="bbox 0 0 1490 5018">
     <span class='ocr_line' id='line_1_31' title="bbox 0 0 1490 5018; baseline 0 3"><span class='ocrx_word' id='word_1_191' title='bbox 0 0 1490 5018; x_wconf 95' lang='lat' dir='ltr'><strong> </strong></span> 
     </span>
    </p>
   </div>
  </div>
 </body>
</html>
