2970 5018
370 354 416 469 o
536 393 670 473 ‚un
729 390 1160 482 Puurouno

247 681 249 685 ,
368 617 489 679 tractu
500 607 602 676 navis
615 628 793 676 mercesve
805 607 985 677 aestimari
1006 605 1143 694 solent,
1165 605 1304 694 addita,
1327 610 1370 677 ut

370 725 437 795 hac
455 723 499 790 de
521 744 561 787 re
582 719 661 788 lites
686 719 965 811 praecidantur,
987 722 1251 809 conventione,
1277 746 1369 820 cou-

369 836 552 905 trehentes
573 834 612 901 in
630 833 738 902 huius
759 835 953 902 testimonii
972 833 1039 901 lide
1057 837 1298 924 acquieturos't

421 947 613 1038 Temporis
631 945 811 1034 definitio,
835 970 906 1040 quo
922 949 1143 1038 periculum
1167 950 1369 1039 assecura-

372 1062 468 1132 torio
491 1061 652 1150 incipiat
661 1059 878 1153 finiatqne,
915 1062 1022 1128 etiam
1042 1061 1087 1129 ad
1106 1062 1266 1152 polizzae
1286 1061 1368 1130 for-

372 1198 467 1244 mam
506 1165 691 1260 refertur,
737 1197 850 1264 eaque
873 1173 1044 1242 >arbitrio
1077 1176 1367 1243 contrahentium

368 1287 494 1356 relicta
511 1295 576 1355 est·
629 1283 697 1352 Sed
726 1285 916 1377 lipolizza
946 1287 1118 1376 temporis
1147 1284 1366 1355 mentionem

366 1423 444 1468 non
467 1400 649 1486 continet,
669 1399 877 1490 interposita
893 1401 980 1490 legis
994 1400 1205 1468 auctoritate
1228 1400 1365 1491 regitur

369 1513 452 1604 (art.
471 1513 572 1606 541).
605 1510 786 1607 Pecuniae
817 1523 937 1581 autem
958 1515 1179 1582 assecuratae
1199 1524 1236 1582 ct
1255 1536 1365 1602 prae-

153 1672 158 1683 -
239 1611 243 1623 ’
366 1624 431 1692 mii
460 1626 680 1694 mentionem
712 1625 791 1713 idep
821 1626 987 1716 inprimis
1020 1627 1202 1717 legislator
1227 1625 1365 1693 iussisse

363 1737 540 1827 videtur,
577 1740 662 1830 quia
682 1739 821 1831 saepius
841 1762 910 1830 pro
932 1750 1029 1806 certa
1060 1742 1234 1808 mercium
1260 1749 1364 1830 parte

364 1852 576 1920 assecuratio
597 1853 850 1941 contrahitur,
878 1852 973 1943 quod
1000 1853 1039 1918 in
1069 1853 1192 1921 damni
1210 1853 1363 1920 resarci-

364 1966 464 2033 tione
481 1967 669 2057 permagni
691 1966 864 2035 momenti
886 1973 952 2034 est.
974 1990 977 1995 ·

414 2075 570 2164 Quando
591 2082 841 2149 contrahentes
861 2081 899 2147 in
911 2103 953 2148 eo
967 2079 1217 2165 consentiunt,
1240 2086 1307 2164 ut,
1333 2076 1360 2146 fi

362 2213 408 2259 ex
428 2191 688 2260 assecuratione
709 2194 788 2261 lites
811 2194 908 2261 inter
918 2193 952 2260 le
970 2195 1162 2280 oriantur,
1188 2191 1360 2258 illas-ar-

361 2303 457 2373 bitri
479 2304 674 2393 dirimant,-
709 2306 795 2373 haec
820 2307 924 2373 etiam
949 2304 1139 2374 conventio
1171 2305 1216 2372 ad
1238 2305 1359 2395 polm-

333 2463 336 2469 ·
361 2416 612 2508 zae'rtquifita
632 2416 802 2485 refertur.
830 2415 934 2503 Quae
956 2420 1098 2510 quidem
1120 2441 1203 2506 res,
1227 2441 1359 2509 quam-

359 2531 504 2605 visab·
522 2532 676 2600 utilitate
713 2532 883 2600 summam
915 2531 1044 2600 habeat
1072 2533 1358 2600 commendatio-

356 2666 469 2734 nem,
504 2646 613 2736 plane
634 2657 754 2714 tamen
777 2645 1065 2717 contrahentium
1091 2646 1269 2717 voluntati
1294 2665 1357 2708 re·

358 2755 443 2843 licta
464 2768 529 2825 est.
581 2758 684 2829 Licet
712 2761 821 2851 igitur
852 2759 1067 2851 plerumque
1097 2758 1238 2849 polizza
1261 2756 1356 2822 hano

358 2871 633 2939 conventionem
654 2875 861 2962 contineat,
887 2872 1037 2942 dubium
1058 2883 1177 2940 tamen
1190 2878 1351 2956 nonest,

343 2982 470 3072 .quin,
497 2982 631 3050 flesset
657 2987 808 3074 omissa,
834 2989 901 3057 hac
931 2989 1036 3057 dere
1059 2983 1235 3074 postiam
1260 3004 1352 3048 con-

356 3104 506 3164 tractam
531 3096 827 3167 assecurationem
850 3102 968 3169 denuo
998 3097 1187 3166 conveniri
1215 3095 1349 3186 posfit,

357 3208 501 3303 liforte
530 3208 666 3299 aliquid
691 3211 731 3279 in
752 3212 1028 3286 controverfiam
1049 3221 1253 3283 vocaretur.
1306 3210 1351 3279 ln

355 3320 545 3390 nonnullis
580 3319 729 3411 polizzis
765 3346 800 3394 v.
834 3349 889 3416 gr.
926 3324 964 3391 in
994 3346 1063 3412 ea,
1098 3347 1171 3414 qua
1203 3323 1351 3391 societas

354 3433 434 3504 Ass.
454 3432 556 3502 Holl.
580 3439 718 3524 utitur,
745 3438 998 3507 contrahentes
1015 3439 1168 3506 duorum
1187 3436 1350 3506 arbitro-

352 3571 436 3620 rum
454 3546 647 3617 sententiae
669 3549 738 3618 sele
769 3550 1011 3641 submittunt,
1049 3552 1165 3643 iisque
1199 3553 1347 3621 tertium

352 3662 566 3731 adsciscendi
599 3662 804 3739 facultatem
836 3667 1049 3736 concedunt.
1101 3663 1140 3733 si
1170 3667 1249 3757 quis
1284 3673 1346 3730 ta-

351 3795 460 3874 men,
485 3775 580 3845 facta
608 3776 872 3869 admonitione,
904 3780 1095 3849 arbitrum.
1111 3801 1185 3846 non
1211 3775 1343 3866 eligat,
1398 3771 1400 3775 ¹

264 3950 267 3955 .
352 3882 533 3960 Tribunal
554 3889 673 3986 ipsum
700 3892 893 3981 constituit.
944 3891 1002 3966 Ab
1030 3913 1074 3980 ea
1099 3899 1218 3964 autem
1240 3887 1343 3956 arbi-

1258 4010 1344 4073 tro-
