2970 5018
540 510 942 584 THESES.

245 741 330 805 quae
352 732 512 803 quantum
532 722 578 781 acl
598 743 711 783 eorum
730 724 981 803 intelligentiam
993 722 1133 800 faciat,
1153 730 1245 803 egre⁶

241 842 297 915 gie
317 837 427 899 docuit
448 839 573 897 amicrn
592 839 745 920 integerr.
768 858 836 902 vnn
859 858 1010 899 noereio
1033 837 1096 921 (a).

706 1061 768 1129 111.

283 1291 425 1371 Egregie
462 1312 535 1353 uero
571 1293 673 1358 talem
701 1293 810 1372 legum
832 1291 1055 1371 ferendarum
1084 1293 1246 1352 rationem

243 1427 357 1468 earum
387 1412 648 1490 interpretationi
677 1411 831 1492 inservire
860 1412 1027 1486 ecirtimo,
1054 1411 1141 1488 stin
1154 1408 1245 1487 scri·

204 1560 214 1576 ·
244 1523 356 1585 benolio
377 1525 502 1606 legibue
517 1538 665 1587 auotorer
673 1570 683 1603 ,
699 1528 814 1608 posttir
825 1529 998 1608 principiie
1011 1524 1242 1606 generalibue,

242 1658 306 1716 ea,
337 1652 496 1723 quantum
520 1644 659 1722 possint,
683 1653 837 1720 arceant,
861 1663 945 1725 quae
968 1641 1016 1702 aa
1035 1641 1145 1721 legum
1164 1637 1241 1699 doc·

243 1757 366 1816 trinam
397 1762 575 1838 pertinent.
638 1759 713 1818 Hoc
743 1761 828 1818 enim
857 1757 939 1837 casu
969 1762 1130 1816 orationes
1161 1754 1241 1814 illae

237 1869 386 1950 plurima
407 1872 545 1953 offerunt
567 1885 777 1952 argumento,
811 1891 895 1952 quac
913 1868 1085 1950 probanda
1098 1871 1244 1962 suntin

240 2004 350 2045 eorum
369 1987 557 2067 sententia,
591 1991 647 2070 qui
676 1988 759 2049 iurie
789 1985 970 2046 doctrinam
991 1983 1039 2042 od
1057 1983 1165 2063 legum
1188 2004 1243 2042 oo·

239 2099 345 2160 dicem
368 2102 530 2180 pertinere
560 2100 777 2177 contendunt,
808 2111 840 2160 et
857 2098 1002 2182 plurima
1023 2098 1124 2158 etiam
1143 2116 1242 2166 ortt!

240 2225 315 2278 tunt
339 2216 450 2295 mola,
473 2237 556 2299 quoe
578 2216 665 2279 lanc
686 2217 847 2279 rationem
866 2215 1075 2280 comitantur.
1167 2262 1170 2267 .

705 2441 767 2510 lv,

280 2674 341 2737 Iar
372 2678 599 2756 usuefructue,
628 2675 713 2759 qaod
742 2699 783 2737 ec
812 2675 921 2740 codice
943 2676 1150 2759 Napoleoneo
1168 2698 1236 2758 pa·

238 2803 343 2849 rentee
364 2793 399 2851 in
421 2793 510 2852 bonie
531 2791 704 2853 liberorum
726 2791 866 2867 tabent,
897 2813 919 2852 a
937 2793 1052 2873 patria
1070 2803 1238 2872 potestate

145 2981 150 2993 ι
241 2904 418 2982 Quiritium
437 2905 654 2967 derivandum
675 2916 707 2964 et
723 2905 916 2986 parentibur
932 2905 1100 2986 privilegii
1122 2907 1156 2963 in
1167 2926 1239 2966 mo·

237 3017 315 3081 dum
349 3021 532 3099 concessum
569 3023 711 3084 ridetur.
775 3023 869 3081 Haec
906 3031 1014 3082 autem
1053 3018 1236 3098 observatio

232 3140 404 3220 permagni
438 3136 587 3195 momenti
616 3145 663 3194 ent
694 3138 729 3194 in
750 3135 845 3198 liniue
867 3133 949 3213 legio
969 3134 1236 3216 interpretatione

235 3262 269 3309 et
295 3224 427 3330 propter
454 3268 526 3309 eam
555 3249 704 3327 negando
726 3251 805 3312 milri
826 3248 954 3311 violetur
976 3249 1238 3333 respondendum

237 3365 285 3427 ael
313 3366 547 3447 quaestionem,
587 3384 663 3423 num
694 3368 795 3427 matri
825 3365 1032 3446 ususfructus
1049 3364 1180 3442 aeetae,
1200 3371 1238 3449 st

233 3494 349 3562 pater,
375 3485 430 3565 qul
452 3481 605 3561 couosam
625 3480 763 3542 diuortio
784 3480 895 3558 dedit,
916 3502 953 3540 eo
973 3481 1238 3544 destituitur...

234 3595 335 3657 Recte
374 3608 482 3657 autem
520 3598 595 3661 nori
632 3595 752 3658 oodioie
782 3597 982 3678 scriptoree,
1004 3595 1143 3676 stillato
1172 3596 1234 3658 hoc

236 3712 440 3793 usuefruotue
468 3715 559 3793 iure,
598 3735 621 3779 a
652 3714 760 3782 coelice
791 3710 1002 3792 Napoleoneo
1031 3713 1233 3796 recerfitrunt

1203 3837 1237 3888 et

269 4035 320 4108 (a)
337 4040 369 4097 ln
387 4012 566 4110 lissertartone
583 4055 602 4094 a
618 4057 658 4099 ne
676 4042 791 4099 leolam
805 4050 871 4112 pag.
888 4041 950 4109 lits·
969 4043 1013 4109 ⁵⁸·
